build_timestamp,data_lineage,date,dxy_index,gold_futures_close_usd_oz,lbma_availability,lbma_price_usd_oz,oil_wti_usd_barrel,silver_futures_close_usd_oz,sp500_index,treasury_10y_pct,usd_vnd_ask,usd_vnd_availability,usd_vnd_bid,usd_vnd_market_rate,usd_vnd_mid,vix
2026-07-12T00:46:31.321981,"{""sources"": [""global_market_series"", ""fx_rates""], ""transform"": ""outer_join_on_date|ffill_applied=yes""}",2010-01-01,,,not_configured,,,,,,,missing,,,,
2026-07-12T00:46:31.321981,"{""sources"": [""global_market_series"", ""fx_rates""], ""transform"": ""outer_join_on_date|ffill_applied=yes""}",2010-01-04,,,available,1117.7,,,,,,missing,,,,
2026-07-12T00:46:31.321981,"{""sources"": [""global_market_series"", ""fx_rates""], ""transform"": ""outer_join_on_date|ffill_applied=yes""}",2010-01-05,,,available,1118.1,,,,,,missing,,,,
2026-07-12T00:46:31.321981,"{""sources"": [""global_market_series"", ""fx_rates""], ""transform"": ""outer_join_on_date|ffill_applied=yes""}",2010-01-06,,,available,1135.9,,,,,,missing,,,,
2026-07-12T00:46:31.321981,"{""sources"": [""global_market_series"", ""fx_rates""], ""transform"": ""outer_join_on_date|ffill_applied=yes""}",2010-01-07,,,available,1133.1,,,,,,missing,,,,
2026-07-12T00:46:31.321981,"{""sources"": [""global_market_series"", ""fx_rates""], ""transform"": ""outer_join_on_date|ffill_applied=yes""}",2010-01-08,,,available,1138.2,,,,,,missing,,,,
2026-07-12T00:46:31.321981,"{""sources"": [""global_market_series"", ""fx_rates""], ""transform"": ""outer_join_on_date|ffill_applied=yes""}",2010-01-11,,,available,1150.7,,,,,,missing,,,,
2026-07-12T00:46:31.321981,"{""sources"": [""global_market_series"", ""fx_rates""], ""transform"": ""outer_join_on_date|ffill_applied=yes""}",2010-01-12,,,available,1128.9,,,,,,missing,,,,
2026-07-12T00:46:31.321981,"{""sources"": [""global_market_series"", ""fx_rates""], ""transform"": ""outer_join_on_date|ffill_applied=yes""}",2010-01-13,,,available,1136.4,,,,,,missing,,,,
2026-07-12T00:46:31.321981,"{""sources"": [""global_market_series"", ""fx_rates""], ""transform"": ""outer_join_on_date|ffill_applied=yes""}",2010-01-14,,,available,1142.6,,,,,,missing,,,,
2026-07-12T00:46:31.321981,"{""sources"": [""global_market_series"", ""fx_rates""], ""transform"": ""outer_join_on_date|ffill_applied=yes""}",2010-01-15,,,available,1130.1,,,,,,missing,,,,
2026-07-12T00:46:31.321981,"{""sources"": [""global_market_series"", ""fx_rates""], ""transform"": ""outer_join_on_date|ffill_applied=yes""}",2010-01-19,,,available,1139.7,,,,,,missing,,,,
2026-07-12T00:46:31.321981,"{""sources"": [""global_market_series"", ""fx_rates""], ""transform"": ""outer_join_on_date|ffill_applied=yes""}",2010-01-20,,,available,1112.3,,,,,,missing,,,,
2026-07-12T00:46:31.321981,"{""sources"": [""global_market_series"", ""fx_rates""], ""transform"": ""outer_join_on_date|ffill_applied=yes""}",2010-01-21,,,available,1102.7,,,,,,missing,,,,
2026-07-12T00:46:31.321981,"{""sources"": [""global_market_series"", ""fx_rates""], ""transform"": ""outer_join_on_date|ffill_applied=yes""}",2010-01-22,,,available,1089.2,,,,,,missing,,,,
2026-07-12T00:46:31.321981,"{""sources"": [""global_market_series"", ""fx_rates""], ""transform"": ""outer_join_on_date|ffill_applied=yes""}",2010-01-25,,,available,1095.2,,,,,,missing,,,,
2026-07-12T00:46:31.321981,"{""sources"": [""global_market_series"", ""fx_rates""], ""transform"": ""outer_join_on_date|ffill_applied=yes""}",2010-01-26,,,available,1097.9,,,,,,missing,,,,
2026-07-12T00:46:31.321981,"{""sources"": [""global_market_series"", ""fx_rates""], ""transform"": ""outer_join_on_date|ffill_applied=yes""}",2010-01-27,,,available,1084.4,,,,,,missing,,,,
2026-07-12T00:46:31.321981,"{""sources"": [""global_market_series"", ""fx_rates""], ""transform"": ""outer_join_on_date|ffill_applied=yes""}",2010-01-28,,,available,1083.6,,,,,,missing,,,,
2026-07-12T00:46:31.321981,"{""sources"": [""global_market_series"", ""fx_rates""], ""transform"": ""outer_join_on_date|ffill_applied=yes""}",2010-01-29,,,available,1083.0,,,,,,missing,,,,
2026-07-12T00:46:31.321981,"{""sources"": [""global_market_series"", ""fx_rates""], ""transform"": ""outer_join_on_date|ffill_applied=yes""}",2010-02-01,,,available,1104.3,,,,,,missing,,,,
2026-07-12T00:46:31.321981,"{""sources"": [""global_market_series"", ""fx_rates""], ""transform"": ""outer_join_on_date|ffill_applied=yes""}",2010-02-02,,,available,1117.4,,,,,,missing,,,,
2026-07-12T00:46:31.321981,"{""sources"": [""global_market_series"", ""fx_rates""], ""transform"": ""outer_join_on_date|ffill_applied=yes""}",2010-02-03,,,available,1111.4,,,,,,missing,,,,
2026-07-12T00:46:31.321981,"{""sources"": [""global_market_series"", ""fx_rates""], ""transform"": ""outer_join_on_date|ffill_applied=yes""}",2010-02-04,,,available,1062.4,,,,,,missing,,,,
2026-07-12T00:46:31.321981,"{""sources"": [""global_market_series"", ""fx_rates""], ""transform"": ""outer_join_on_date|ffill_applied=yes""}",2010-02-05,,,available,1052.2,,,,,,missing,,,,
2026-07-12T00:46:31.321981,"{""sources"": [""global_market_series"", ""fx_rates""], ""transform"": ""outer_join_on_date|ffill_applied=yes""}",2010-02-08,,,available,1065.7,,,,,,missing,,,,
2026-07-12T00:46:31.321981,"{""sources"": [""global_market_series"", ""fx_rates""], ""transform"": ""outer_join_on_date|ffill_applied=yes""}",2010-02-09,,,available,1076.7,,,,,,missing,,,,
2026-07-12T00:46:31.321981,"{""sources"": [""global_market_series"", ""fx_rates""], ""transform"": ""outer_join_on_date|ffill_applied=yes""}",2010-02-10,,,available,1075.8,,,,,,missing,,,,
2026-07-12T00:46:31.321981,"{""sources"": [""global_market_series"", ""fx_rates""], ""transform"": ""outer_join_on_date|ffill_applied=yes""}",2010-02-11,,,available,1094.2,,,,,,missing,,,,
2026-07-12T00:46:31.321981,"{""sources"": [""global_market_series"", ""fx_rates""], ""transform"": ""outer_join_on_date|ffill_applied=yes""}",2010-02-12,,,available,1089.5,,,,,,missing,,,,
2026-07-12T00:46:31.321981,"{""sources"": [""global_market_series"", ""fx_rates""], ""transform"": ""outer_join_on_date|ffill_applied=yes""}",2010-02-16,,,available,1119.3,,,,,,missing,,,,
2026-07-12T00:46:31.321981,"{""sources"": [""global_market_series"", ""fx_rates""], ""transform"": ""outer_join_on_date|ffill_applied=yes""}",2010-02-17,,,available,1119.5,,,,,,missing,,,,
2026-07-12T00:46:31.321981,"{""sources"": [""global_market_series"", ""fx_rates""], ""transform"": ""outer_join_on_date|ffill_applied=yes""}",2010-02-18,,,available,1118.0,,,,,,missing,,,,
2026-07-12T00:46:31.321981,"{""sources"": [""global_market_series"", ""fx_rates""], ""transform"": ""outer_join_on_date|ffill_applied=yes""}",2010-02-19,,,available,1121.3,,,,,,missing,,,,
2026-07-12T00:46:31.321981,"{""sources"": [""global_market_series"", ""fx_rates""], ""transform"": ""outer_join_on_date|ffill_applied=yes""}",2010-02-22,,,available,1112.6,,,,,,missing,,,,
2026-07-12T00:46:31.321981,"{""sources"": [""global_market_series"", ""fx_rates""], ""transform"": ""outer_join_on_date|ffill_applied=yes""}",2010-02-23,,,available,1102.7,,,,,,missing,,,,
2026-07-12T00:46:31.321981,"{""sources"": [""global_market_series"", ""fx_rates""], ""transform"": ""outer_join_on_date|ffill_applied=yes""}",2010-02-24,,,available,1096.5,,,,,,missing,,,,
2026-07-12T00:46:31.321981,"{""sources"": [""global_market_series"", ""fx_rates""], ""transform"": ""outer_join_on_date|ffill_applied=yes""}",2010-02-25,,,available,1107.8,,,,,,missing,,,,
2026-07-12T00:46:31.321981,"{""sources"": [""global_market_series"", ""fx_rates""], ""transform"": ""outer_join_on_date|ffill_applied=yes""}",2010-02-26,,,available,1118.3,,,,,,missing,,,,
2026-07-12T00:46:31.321981,"{""sources"": [""global_market_series"", ""fx_rates""], ""transform"": ""outer_join_on_date|ffill_applied=yes""}",2010-03-01,,,available,1117.8,,,,,,missing,,,,
2026-07-12T00:46:31.321981,"{""sources"": [""global_market_series"", ""fx_rates""], ""transform"": ""outer_join_on_date|ffill_applied=yes""}",2010-03-02,,,available,1136.9,,,,,,missing,,,,
2026-07-12T00:46:31.321981,"{""sources"": [""global_market_series"", ""fx_rates""], ""transform"": ""outer_join_on_date|ffill_applied=yes""}",2010-03-03,,,available,1142.7,,,,,,missing,,,,
2026-07-12T00:46:31.321981,"{""sources"": [""global_market_series"", ""fx_rates""], ""transform"": ""outer_join_on_date|ffill_applied=yes""}",2010-03-04,,,available,1132.6,,,,,,missing,,,,
2026-07-12T00:46:31.321981,"{""sources"": [""global_market_series"", ""fx_rates""], ""transform"": ""outer_join_on_date|ffill_applied=yes""}",2010-03-05,,,available,1134.8,,,,,,missing,,,,
2026-07-12T00:46:31.321981,"{""sources"": [""global_market_series"", ""fx_rates""], ""transform"": ""outer_join_on_date|ffill_applied=yes""}",2010-03-08,,,available,1123.6,,,,,,missing,,,,
2026-07-12T00:46:31.321981,"{""sources"": [""global_market_series"", ""fx_rates""], ""transform"": ""outer_join_on_date|ffill_applied=yes""}",2010-03-09,,,available,1122.0,,,,,,missing,,,,
2026-07-12T00:46:31.321981,"{""sources"": [""global_market_series"", ""fx_rates""], ""transform"": ""outer_join_on_date|ffill_applied=yes""}",2010-03-10,,,available,1107.8,,,,,,missing,,,,
2026-07-12T00:46:31.321981,"{""sources"": [""global_market_series"", ""fx_rates""], ""transform"": ""outer_join_on_date|ffill_applied=yes""}",2010-03-11,,,available,1108.0,,,,,,missing,,,,
2026-07-12T00:46:31.321981,"{""sources"": [""global_market_series"", ""fx_rates""], ""transform"": ""outer_join_on_date|ffill_applied=yes""}",2010-03-12,,,available,1101.5,,,,,,missing,,,,
2026-07-12T00:46:31.321981,"{""sources"": [""global_market_series"", ""fx_rates""], ""transform"": ""outer_join_on_date|ffill_applied=yes""}",2010-03-15,,,available,1105.1,,,,,,missing,,,,
2026-07-12T00:46:31.321981,"{""sources"": [""global_market_series"", ""fx_rates""], ""transform"": ""outer_join_on_date|ffill_applied=yes""}",2010-03-16,,,available,1122.2,,,,,,missing,,,,
2026-07-12T00:46:31.321981,"{""sources"": [""global_market_series"", ""fx_rates""], ""transform"": ""outer_join_on_date|ffill_applied=yes""}",2010-03-17,,,available,1124.0,,,,,,missing,,,,
2026-07-12T00:46:31.321981,"{""sources"": [""global_market_series"", ""fx_rates""], ""transform"": ""outer_join_on_date|ffill_applied=yes""}",2010-03-18,,,available,1127.4,,,,,,missing,,,,
2026-07-12T00:46:31.321981,"{""sources"": [""global_market_series"", ""fx_rates""], ""transform"": ""outer_join_on_date|ffill_applied=yes""}",2010-03-19,,,available,1107.4,,,,,,missing,,,,
2026-07-12T00:46:31.321981,"{""sources"": [""global_market_series"", ""fx_rates""], ""transform"": ""outer_join_on_date|ffill_applied=yes""}",2010-03-22,,,available,1099.3,,,,,,missing,,,,
2026-07-12T00:46:31.321981,"{""sources"": [""global_market_series"", ""fx_rates""], ""transform"": ""outer_join_on_date|ffill_applied=yes""}",2010-03-23,,,available,1103.5,,,,,,missing,,,,
2026-07-12T00:46:31.321981,"{""sources"": [""global_market_series"", ""fx_rates""], ""transform"": ""outer_join_on_date|ffill_applied=yes""}",2010-03-24,,,available,1088.6,,,,,,missing,,,,
2026-07-12T00:46:31.321981,"{""sources"": [""global_market_series"", ""fx_rates""], ""transform"": ""outer_join_on_date|ffill_applied=yes""}",2010-03-25,,,available,1092.7,,,,,,missing,,,,
2026-07-12T00:46:31.321981,"{""sources"": [""global_market_series"", ""fx_rates""], ""transform"": ""outer_join_on_date|ffill_applied=yes""}",2010-03-26,,,available,1104.2,,,,,,missing,,,,
2026-07-12T00:46:31.321981,"{""sources"": [""global_market_series"", ""fx_rates""], ""transform"": ""outer_join_on_date|ffill_applied=yes""}",2010-03-29,,,available,1110.3,,,,,,missing,,,,
2026-07-12T00:46:31.321981,"{""sources"": [""global_market_series"", ""fx_rates""], ""transform"": ""outer_join_on_date|ffill_applied=yes""}",2010-03-30,,,available,1104.5,,,,,,missing,,,,
2026-07-12T00:46:31.321981,"{""sources"": [""global_market_series"", ""fx_rates""], ""transform"": ""outer_join_on_date|ffill_applied=yes""}",2010-03-31,,,available,1113.3,,,,,,missing,,,,
2026-07-12T00:46:31.321981,"{""sources"": [""global_market_series"", ""fx_rates""], ""transform"": ""outer_join_on_date|ffill_applied=yes""}",2010-04-01,,,available,1125.1,,,,,,missing,,,,
2026-07-12T00:46:31.321981,"{""sources"": [""global_market_series"", ""fx_rates""], ""transform"": ""outer_join_on_date|ffill_applied=yes""}",2010-04-02,,,not_configured,,,,,,,missing,,,,
2026-07-12T00:46:31.321981,"{""sources"": [""global_market_series"", ""fx_rates""], ""transform"": ""outer_join_on_date|ffill_applied=yes""}",2010-04-05,,,available,1132.9,,,,,,missing,,,,
2026-07-12T00:46:31.321981,"{""sources"": [""global_market_series"", ""fx_rates""], ""transform"": ""outer_join_on_date|ffill_applied=yes""}",2010-04-06,,,available,1135.1,,,,,,missing,,,,
2026-07-12T00:46:31.321981,"{""sources"": [""global_market_series"", ""fx_rates""], ""transform"": ""outer_join_on_date|ffill_applied=yes""}",2010-04-07,,,available,1152.3,,,,,,missing,,,,
2026-07-12T00:46:31.321981,"{""sources"": [""global_market_series"", ""fx_rates""], ""transform"": ""outer_join_on_date|ffill_applied=yes""}",2010-04-08,,,available,1152.2,,,,,,missing,,,,
2026-07-12T00:46:31.321981,"{""sources"": [""global_market_series"", ""fx_rates""], ""transform"": ""outer_join_on_date|ffill_applied=yes""}",2010-04-09,,,available,1161.1,,,,,,missing,,,,
2026-07-12T00:46:31.321981,"{""sources"": [""global_market_series"", ""fx_rates""], ""transform"": ""outer_join_on_date|ffill_applied=yes""}",2010-04-12,,,available,1161.6,,,,,,missing,,,,
2026-07-12T00:46:31.321981,"{""sources"": [""global_market_series"", ""fx_rates""], ""transform"": ""outer_join_on_date|ffill_applied=yes""}",2010-04-13,,,available,1152.8,,,,,,missing,,,,
2026-07-12T00:46:31.321981,"{""sources"": [""global_market_series"", ""fx_rates""], ""transform"": ""outer_join_on_date|ffill_applied=yes""}",2010-04-14,,,available,1159.0,,,,,,missing,,,,
2026-07-12T00:46:31.321981,"{""sources"": [""global_market_series"", ""fx_rates""], ""transform"": ""outer_join_on_date|ffill_applied=yes""}",2010-04-15,,,available,1159.7,,,,,,missing,,,,
2026-07-12T00:46:31.321981,"{""sources"": [""global_market_series"", ""fx_rates""], ""transform"": ""outer_join_on_date|ffill_applied=yes""}",2010-04-16,,,available,1136.3,,,,,,missing,,,,
2026-07-12T00:46:31.321981,"{""sources"": [""global_market_series"", ""fx_rates""], ""transform"": ""outer_join_on_date|ffill_applied=yes""}",2010-04-19,,,available,1135.2,,,,,,missing,,,,
2026-07-12T00:46:31.321981,"{""sources"": [""global_market_series"", ""fx_rates""], ""transform"": ""outer_join_on_date|ffill_applied=yes""}",2010-04-20,,,available,1138.6,,,,,,missing,,,,
2026-07-12T00:46:31.321981,"{""sources"": [""global_market_series"", ""fx_rates""], ""transform"": ""outer_join_on_date|ffill_applied=yes""}",2010-04-21,,,available,1148.2,,,,,,missing,,,,
2026-07-12T00:46:31.321981,"{""sources"": [""global_market_series"", ""fx_rates""], ""transform"": ""outer_join_on_date|ffill_applied=yes""}",2010-04-22,,,available,1142.3,,,,,,missing,,,,
2026-07-12T00:46:31.321981,"{""sources"": [""global_market_series"", ""fx_rates""], ""transform"": ""outer_join_on_date|ffill_applied=yes""}",2010-04-23,,,available,1153.1,,,,,,missing,,,,
2026-07-12T00:46:31.321981,"{""sources"": [""global_market_series"", ""fx_rates""], ""transform"": ""outer_join_on_date|ffill_applied=yes""}",2010-04-26,,,available,1153.5,,,,,,missing,,,,
2026-07-12T00:46:31.321981,"{""sources"": [""global_market_series"", ""fx_rates""], ""transform"": ""outer_join_on_date|ffill_applied=yes""}",2010-04-27,,,available,1161.7,,,,,,missing,,,,
2026-07-12T00:46:31.321981,"{""sources"": [""global_market_series"", ""fx_rates""], ""transform"": ""outer_join_on_date|ffill_applied=yes""}",2010-04-28,,,available,1171.3,,,,,,missing,,,,
2026-07-12T00:46:31.321981,"{""sources"": [""global_market_series"", ""fx_rates""], ""transform"": ""outer_join_on_date|ffill_applied=yes""}",2010-04-29,,,available,1168.4,,,,,,missing,,,,
2026-07-12T00:46:31.321981,"{""sources"": [""global_market_series"", ""fx_rates""], ""transform"": ""outer_join_on_date|ffill_applied=yes""}",2010-04-30,,,available,1180.1,,,,,,missing,,,,
2026-07-12T00:46:31.321981,"{""sources"": [""global_market_series"", ""fx_rates""], ""transform"": ""outer_join_on_date|ffill_applied=yes""}",2010-05-01,,,not_configured,,,,,,,missing,,,,
2026-07-12T00:46:31.321981,"{""sources"": [""global_market_series"", ""fx_rates""], ""transform"": ""outer_join_on_date|ffill_applied=yes""}",2010-05-03,,,available,1182.7,,,,,,missing,,,,
2026-07-12T00:46:31.321981,"{""sources"": [""global_market_series"", ""fx_rates""], ""transform"": ""outer_join_on_date|ffill_applied=yes""}",2010-05-04,,,available,1168.6,,,,,,missing,,,,
2026-07-12T00:46:31.321981,"{""sources"": [""global_market_series"", ""fx_rates""], ""transform"": ""outer_join_on_date|ffill_applied=yes""}",2010-05-05,,,available,1174.6,,,,,,missing,,,,
2026-07-12T00:46:31.321981,"{""sources"": [""global_market_series"", ""fx_rates""], ""transform"": ""outer_join_on_date|ffill_applied=yes""}",2010-05-06,,,available,1196.9,,,,,,missing,,,,
2026-07-12T00:46:31.321981,"{""sources"": [""global_market_series"", ""fx_rates""], ""transform"": ""outer_join_on_date|ffill_applied=yes""}",2010-05-07,,,available,1210.0,,,,,,missing,,,,
2026-07-12T00:46:31.321981,"{""sources"": [""global_market_series"", ""fx_rates""], ""transform"": ""outer_join_on_date|ffill_applied=yes""}",2010-05-10,,,available,1200.4,,,,,,missing,,,,
2026-07-12T00:46:31.321981,"{""sources"": [""global_market_series"", ""fx_rates""], ""transform"": ""outer_join_on_date|ffill_applied=yes""}",2010-05-11,,,available,1219.9,,,,,,missing,,,,
2026-07-12T00:46:31.321981,"{""sources"": [""global_market_series"", ""fx_rates""], ""transform"": ""outer_join_on_date|ffill_applied=yes""}",2010-05-12,,,available,1242.7,,,,,,missing,,,,
2026-07-12T00:46:31.321981,"{""sources"": [""global_market_series"", ""fx_rates""], ""transform"": ""outer_join_on_date|ffill_applied=yes""}",2010-05-13,,,available,1228.8,,,,,,missing,,,,
2026-07-12T00:46:31.321981,"{""sources"": [""global_market_series"", ""fx_rates""], ""transform"": ""outer_join_on_date|ffill_applied=yes""}",2010-05-14,,,available,1227.4,,,,,,missing,,,,
2026-07-12T00:46:31.321981,"{""sources"": [""global_market_series"", ""fx_rates""], ""transform"": ""outer_join_on_date|ffill_applied=yes""}",2010-05-17,,,available,1227.7,,,,,,missing,,,,
2026-07-12T00:46:31.321981,"{""sources"": [""global_market_series"", ""fx_rates""], ""transform"": ""outer_join_on_date|ffill_applied=yes""}",2010-05-18,,,available,1214.3,,,,,,missing,,,,
2026-07-12T00:46:31.321981,"{""sources"": [""global_market_series"", ""fx_rates""], ""transform"": ""outer_join_on_date|ffill_applied=yes""}",2010-05-19,,,available,1192.6,,,,,,missing,,,,
2026-07-12T00:46:31.321981,"{""sources"": [""global_market_series"", ""fx_rates""], ""transform"": ""outer_join_on_date|ffill_applied=yes""}",2010-05-20,,,available,1187.8,,,,,,missing,,,,
2026-07-12T00:46:31.321981,"{""sources"": [""global_market_series"", ""fx_rates""], ""transform"": ""outer_join_on_date|ffill_applied=yes""}",2010-05-21,,,available,1175.7,,,,,,missing,,,,
2026-07-12T00:46:31.321981,"{""sources"": [""global_market_series"", ""fx_rates""], ""transform"": ""outer_join_on_date|ffill_applied=yes""}",2010-05-24,,,available,1193.8,,,,,,missing,,,,
2026-07-12T00:46:31.321981,"{""sources"": [""global_market_series"", ""fx_rates""], ""transform"": ""outer_join_on_date|ffill_applied=yes""}",2010-05-25,,,available,1197.8,,,,,,missing,,,,
2026-07-12T00:46:31.321981,"{""sources"": [""global_market_series"", ""fx_rates""], ""transform"": ""outer_join_on_date|ffill_applied=yes""}",2010-05-26,,,available,1213.3,,,,,,missing,,,,
2026-07-12T00:46:31.321981,"{""sources"": [""global_market_series"", ""fx_rates""], ""transform"": ""outer_join_on_date|ffill_applied=yes""}",2010-05-27,,,available,1211.9,,,,,,missing,,,,
2026-07-12T00:46:31.321981,"{""sources"": [""global_market_series"", ""fx_rates""], ""transform"": ""outer_join_on_date|ffill_applied=yes""}",2010-05-28,,,available,1212.2,,,,,,missing,,,,
2026-07-12T00:46:31.321981,"{""sources"": [""global_market_series"", ""fx_rates""], ""transform"": ""outer_join_on_date|ffill_applied=yes""}",2010-06-01,,,available,1224.8,,,,,,missing,,,,
2026-07-12T00:46:31.321981,"{""sources"": [""global_market_series"", ""fx_rates""], ""transform"": ""outer_join_on_date|ffill_applied=yes""}",2010-06-02,,,available,1220.6,,,,,,missing,,,,
2026-07-12T00:46:31.321981,"{""sources"": [""global_market_series"", ""fx_rates""], ""transform"": ""outer_join_on_date|ffill_applied=yes""}",2010-06-03,,,available,1208.3,,,,,,missing,,,,
2026-07-12T00:46:31.321981,"{""sources"": [""global_market_series"", ""fx_rates""], ""transform"": ""outer_join_on_date|ffill_applied=yes""}",2010-06-04,,,available,1216.2,,,,,,missing,,,,
2026-07-12T00:46:31.321981,"{""sources"": [""global_market_series"", ""fx_rates""], ""transform"": ""outer_join_on_date|ffill_applied=yes""}",2010-06-07,,,available,1239.3,,,,,,missing,,,,
2026-07-12T00:46:31.321981,"{""sources"": [""global_market_series"", ""fx_rates""], ""transform"": ""outer_join_on_date|ffill_applied=yes""}",2010-06-08,,,available,1244.0,,,,,,missing,,,,
2026-07-12T00:46:31.321981,"{""sources"": [""global_market_series"", ""fx_rates""], ""transform"": ""outer_join_on_date|ffill_applied=yes""}",2010-06-09,,,available,1228.5,,,,,,missing,,,,
2026-07-12T00:46:31.321981,"{""sources"": [""global_market_series"", ""fx_rates""], ""transform"": ""outer_join_on_date|ffill_applied=yes""}",2010-06-10,,,available,1220.8,,,,,,missing,,,,
2026-07-12T00:46:31.321981,"{""sources"": [""global_market_series"", ""fx_rates""], ""transform"": ""outer_join_on_date|ffill_applied=yes""}",2010-06-11,,,available,1228.9,,,,,,missing,,,,
2026-07-12T00:46:31.321981,"{""sources"": [""global_market_series"", ""fx_rates""], ""transform"": ""outer_join_on_date|ffill_applied=yes""}",2010-06-14,,,available,1223.3,,,,,,missing,,,,
2026-07-12T00:46:31.321981,"{""sources"": [""global_market_series"", ""fx_rates""], ""transform"": ""outer_join_on_date|ffill_applied=yes""}",2010-06-15,,,available,1233.2,,,,,,missing,,,,
2026-07-12T00:46:31.321981,"{""sources"": [""global_market_series"", ""fx_rates""], ""transform"": ""outer_join_on_date|ffill_applied=yes""}",2010-06-16,,,available,1229.3,,,,,,missing,,,,
2026-07-12T00:46:31.321981,"{""sources"": [""global_market_series"", ""fx_rates""], ""transform"": ""outer_join_on_date|ffill_applied=yes""}",2010-06-17,,,available,1247.5,,,,,,missing,,,,
2026-07-12T00:46:31.321981,"{""sources"": [""global_market_series"", ""fx_rates""], ""transform"": ""outer_join_on_date|ffill_applied=yes""}",2010-06-18,,,available,1257.2,,,,,,missing,,,,
2026-07-12T00:46:31.321981,"{""sources"": [""global_market_series"", ""fx_rates""], ""transform"": ""outer_join_on_date|ffill_applied=yes""}",2010-06-21,,,available,1239.7,,,,,,missing,,,,
2026-07-12T00:46:31.321981,"{""sources"": [""global_market_series"", ""fx_rates""], ""transform"": ""outer_join_on_date|ffill_applied=yes""}",2010-06-22,,,available,1239.9,,,,,,missing,,,,
2026-07-12T00:46:31.321981,"{""sources"": [""global_market_series"", ""fx_rates""], ""transform"": ""outer_join_on_date|ffill_applied=yes""}",2010-06-23,,,available,1234.1,,,,,,missing,,,,
2026-07-12T00:46:31.321981,"{""sources"": [""global_market_series"", ""fx_rates""], ""transform"": ""outer_join_on_date|ffill_applied=yes""}",2010-06-24,,,available,1245.5,,,,,,missing,,,,
2026-07-12T00:46:31.321981,"{""sources"": [""global_market_series"", ""fx_rates""], ""transform"": ""outer_join_on_date|ffill_applied=yes""}",2010-06-25,,,available,1255.8,,,,,,missing,,,,
2026-07-12T00:46:31.321981,"{""sources"": [""global_market_series"", ""fx_rates""], ""transform"": ""outer_join_on_date|ffill_applied=yes""}",2010-06-28,,,available,1238.2,,,,,,missing,,,,
2026-07-12T00:46:31.321981,"{""sources"": [""global_market_series"", ""fx_rates""], ""transform"": ""outer_join_on_date|ffill_applied=yes""}",2010-06-29,,,available,1242.0,,,,,,missing,,,,
2026-07-12T00:46:31.321981,"{""sources"": [""global_market_series"", ""fx_rates""], ""transform"": ""outer_join_on_date|ffill_applied=yes""}",2010-06-30,,,available,1245.5,,,,,,missing,,,,
2026-07-12T00:46:31.321981,"{""sources"": [""global_market_series"", ""fx_rates""], ""transform"": ""outer_join_on_date|ffill_applied=yes""}",2010-07-01,,,available,1206.3,,,,,,missing,,,,
2026-07-12T00:46:31.321981,"{""sources"": [""global_market_series"", ""fx_rates""], ""transform"": ""outer_join_on_date|ffill_applied=yes""}",2010-07-02,,,available,1207.4,,,,,,missing,,,,
2026-07-12T00:46:31.321981,"{""sources"": [""global_market_series"", ""fx_rates""], ""transform"": ""outer_join_on_date|ffill_applied=yes""}",2010-07-06,,,available,1194.8,,,,,,missing,,,,
2026-07-12T00:46:31.321981,"{""sources"": [""global_market_series"", ""fx_rates""], ""transform"": ""outer_join_on_date|ffill_applied=yes""}",2010-07-07,,,available,1198.6,,,,,,missing,,,,
2026-07-12T00:46:31.321981,"{""sources"": [""global_market_series"", ""fx_rates""], ""transform"": ""outer_join_on_date|ffill_applied=yes""}",2010-07-08,,,available,1195.8,,,,,,missing,,,,
2026-07-12T00:46:31.321981,"{""sources"": [""global_market_series"", ""fx_rates""], ""transform"": ""outer_join_on_date|ffill_applied=yes""}",2010-07-09,,,available,1209.6,,,,,,missing,,,,
2026-07-12T00:46:31.321981,"{""sources"": [""global_market_series"", ""fx_rates""], ""transform"": ""outer_join_on_date|ffill_applied=yes""}",2010-07-12,,,available,1198.5,,,,,,missing,,,,
2026-07-12T00:46:31.321981,"{""sources"": [""global_market_series"", ""fx_rates""], ""transform"": ""outer_join_on_date|ffill_applied=yes""}",2010-07-13,,,available,1213.3,,,,,,missing,,,,
2026-07-12T00:46:31.321981,"{""sources"": [""global_market_series"", ""fx_rates""], ""transform"": ""outer_join_on_date|ffill_applied=yes""}",2010-07-14,,,available,1206.8,,,,,,missing,,,,
2026-07-12T00:46:31.321981,"{""sources"": [""global_market_series"", ""fx_rates""], ""transform"": ""outer_join_on_date|ffill_applied=yes""}",2010-07-15,,,available,1208.1,,,,,,missing,,,,
2026-07-12T00:46:31.322980,"{""sources"": [""global_market_series"", ""fx_rates""], ""transform"": ""outer_join_on_date|ffill_applied=yes""}",2010-07-16,,,available,1188.0,,,,,,missing,,,,
2026-07-12T00:46:31.322980,"{""sources"": [""global_market_series"", ""fx_rates""], ""transform"": ""outer_join_on_date|ffill_applied=yes""}",2010-07-19,,,available,1181.7,,,,,,missing,,,,
2026-07-12T00:46:31.322980,"{""sources"": [""global_market_series"", ""fx_rates""], ""transform"": ""outer_join_on_date|ffill_applied=yes""}",2010-07-20,,,available,1191.5,,,,,,missing,,,,
2026-07-12T00:46:31.322980,"{""sources"": [""global_market_series"", ""fx_rates""], ""transform"": ""outer_join_on_date|ffill_applied=yes""}",2010-07-21,,,available,1191.6,,,,,,missing,,,,
2026-07-12T00:46:31.322980,"{""sources"": [""global_market_series"", ""fx_rates""], ""transform"": ""outer_join_on_date|ffill_applied=yes""}",2010-07-22,,,available,1195.5,,,,,,missing,,,,
2026-07-12T00:46:31.322980,"{""sources"": [""global_market_series"", ""fx_rates""], ""transform"": ""outer_join_on_date|ffill_applied=yes""}",2010-07-23,,,available,1187.7,,,,,,missing,,,,
2026-07-12T00:46:31.322980,"{""sources"": [""global_market_series"", ""fx_rates""], ""transform"": ""outer_join_on_date|ffill_applied=yes""}",2010-07-26,,,available,1183.0,,,,,,missing,,,,
2026-07-12T00:46:31.322980,"{""sources"": [""global_market_series"", ""fx_rates""], ""transform"": ""outer_join_on_date|ffill_applied=yes""}",2010-07-27,,,available,1158.0,,,,,,missing,,,,
2026-07-12T00:46:31.322980,"{""sources"": [""global_market_series"", ""fx_rates""], ""transform"": ""outer_join_on_date|ffill_applied=yes""}",2010-07-28,,,available,1160.4,,,,,,missing,,,,
2026-07-12T00:46:31.322980,"{""sources"": [""global_market_series"", ""fx_rates""], ""transform"": ""outer_join_on_date|ffill_applied=yes""}",2010-07-29,,,available,1168.4,,,,,,missing,,,,
2026-07-12T00:46:31.322980,"{""sources"": [""global_market_series"", ""fx_rates""], ""transform"": ""outer_join_on_date|ffill_applied=yes""}",2010-07-30,,,available,1181.7,,,,,,missing,,,,
2026-07-12T00:46:31.322980,"{""sources"": [""global_market_series"", ""fx_rates""], ""transform"": ""outer_join_on_date|ffill_applied=yes""}",2010-08-01,,,not_configured,,,,,,,missing,,,,
2026-07-12T00:46:31.322980,"{""sources"": [""global_market_series"", ""fx_rates""], ""transform"": ""outer_join_on_date|ffill_applied=yes""}",2010-08-02,,,available,1183.4,,,,,,missing,,,,
2026-07-12T00:46:31.322980,"{""sources"": [""global_market_series"", ""fx_rates""], ""transform"": ""outer_join_on_date|ffill_applied=yes""}",2010-08-03,,,available,1185.2,,,,,,missing,,,,
2026-07-12T00:46:31.322980,"{""sources"": [""global_market_series"", ""fx_rates""], ""transform"": ""outer_join_on_date|ffill_applied=yes""}",2010-08-04,,,available,1193.7,,,,,,missing,,,,
2026-07-12T00:46:31.322980,"{""sources"": [""global_market_series"", ""fx_rates""], ""transform"": ""outer_join_on_date|ffill_applied=yes""}",2010-08-05,,,available,1197.2,,,,,,missing,,,,
2026-07-12T00:46:31.322980,"{""sources"": [""global_market_series"", ""fx_rates""], ""transform"": ""outer_join_on_date|ffill_applied=yes""}",2010-08-06,,,available,1203.4,,,,,,missing,,,,
2026-07-12T00:46:31.322980,"{""sources"": [""global_market_series"", ""fx_rates""], ""transform"": ""outer_join_on_date|ffill_applied=yes""}",2010-08-09,,,available,1200.7,,,,,,missing,,,,
2026-07-12T00:46:31.322980,"{""sources"": [""global_market_series"", ""fx_rates""], ""transform"": ""outer_join_on_date|ffill_applied=yes""}",2010-08-10,,,available,1196.2,,,,,,missing,,,,
2026-07-12T00:46:31.322980,"{""sources"": [""global_market_series"", ""fx_rates""], ""transform"": ""outer_join_on_date|ffill_applied=yes""}",2010-08-11,,,available,1197.5,,,,,,missing,,,,
2026-07-12T00:46:31.322980,"{""sources"": [""global_market_series"", ""fx_rates""], ""transform"": ""outer_join_on_date|ffill_applied=yes""}",2010-08-12,,,available,1214.8,,,,,,missing,,,,
2026-07-12T00:46:31.322980,"{""sources"": [""global_market_series"", ""fx_rates""], ""transform"": ""outer_join_on_date|ffill_applied=yes""}",2010-08-13,,,available,1214.9,,,,,,missing,,,,
2026-07-12T00:46:31.322980,"{""sources"": [""global_market_series"", ""fx_rates""], ""transform"": ""outer_join_on_date|ffill_applied=yes""}",2010-08-16,,,available,1224.5,,,,,,missing,,,,
2026-07-12T00:46:31.322980,"{""sources"": [""global_market_series"", ""fx_rates""], ""transform"": ""outer_join_on_date|ffill_applied=yes""}",2010-08-17,,,available,1226.6,,,,,,missing,,,,
2026-07-12T00:46:31.322980,"{""sources"": [""global_market_series"", ""fx_rates""], ""transform"": ""outer_join_on_date|ffill_applied=yes""}",2010-08-18,,,available,1229.7,,,,,,missing,,,,
2026-07-12T00:46:31.322980,"{""sources"": [""global_market_series"", ""fx_rates""], ""transform"": ""outer_join_on_date|ffill_applied=yes""}",2010-08-19,,,available,1233.8,,,,,,missing,,,,
2026-07-12T00:46:31.322980,"{""sources"": [""global_market_series"", ""fx_rates""], ""transform"": ""outer_join_on_date|ffill_applied=yes""}",2010-08-20,,,available,1227.2,,,,,,missing,,,,
2026-07-12T00:46:31.322980,"{""sources"": [""global_market_series"", ""fx_rates""], ""transform"": ""outer_join_on_date|ffill_applied=yes""}",2010-08-23,,,available,1226.9,,,,,,missing,,,,
2026-07-12T00:46:31.322980,"{""sources"": [""global_market_series"", ""fx_rates""], ""transform"": ""outer_join_on_date|ffill_applied=yes""}",2010-08-24,,,available,1231.8,,,,,,missing,,,,
2026-07-12T00:46:31.322980,"{""sources"": [""global_market_series"", ""fx_rates""], ""transform"": ""outer_join_on_date|ffill_applied=yes""}",2010-08-25,,,available,1239.5,,,,,,missing,,,,
2026-07-12T00:46:31.322980,"{""sources"": [""global_market_series"", ""fx_rates""], ""transform"": ""outer_join_on_date|ffill_applied=yes""}",2010-08-26,,,available,1235.4,,,,,,missing,,,,
2026-07-12T00:46:31.322980,"{""sources"": [""global_market_series"", ""fx_rates""], ""transform"": ""outer_join_on_date|ffill_applied=yes""}",2010-08-27,,,available,1236.0,,,,,,missing,,,,
2026-07-12T00:46:31.322980,"{""sources"": [""global_market_series"", ""fx_rates""], ""transform"": ""outer_join_on_date|ffill_applied=yes""}",2010-08-30,,,available,1237.1,,,,,,missing,,,,
2026-07-12T00:46:31.322980,"{""sources"": [""global_market_series"", ""fx_rates""], ""transform"": ""outer_join_on_date|ffill_applied=yes""}",2010-08-31,,,available,1248.3,,,,,,missing,,,,
2026-07-12T00:46:31.322980,"{""sources"": [""global_market_series"", ""fx_rates""], ""transform"": ""outer_join_on_date|ffill_applied=yes""}",2010-09-01,,,available,1246.3,,,,,,missing,,,,
2026-07-12T00:46:31.322980,"{""sources"": [""global_market_series"", ""fx_rates""], ""transform"": ""outer_join_on_date|ffill_applied=yes""}",2010-09-02,,,available,1251.5,,,,,,missing,,,,
2026-07-12T00:46:31.322980,"{""sources"": [""global_market_series"", ""fx_rates""], ""transform"": ""outer_join_on_date|ffill_applied=yes""}",2010-09-03,,,available,1249.2,,,,,,missing,,,,
2026-07-12T00:46:31.322980,"{""sources"": [""global_market_series"", ""fx_rates""], ""transform"": ""outer_join_on_date|ffill_applied=yes""}",2010-09-07,,,available,1257.3,,,,,,missing,,,,
2026-07-12T00:46:31.322980,"{""sources"": [""global_market_series"", ""fx_rates""], ""transform"": ""outer_join_on_date|ffill_applied=yes""}",2010-09-08,,,available,1255.6,,,,,,missing,,,,
2026-07-12T00:46:31.322980,"{""sources"": [""global_market_series"", ""fx_rates""], ""transform"": ""outer_join_on_date|ffill_applied=yes""}",2010-09-09,,,available,1248.9,,,,,,missing,,,,
2026-07-12T00:46:31.322980,"{""sources"": [""global_market_series"", ""fx_rates""], ""transform"": ""outer_join_on_date|ffill_applied=yes""}",2010-09-10,,,available,1244.5,,,,,,missing,,,,
2026-07-12T00:46:31.322980,"{""sources"": [""global_market_series"", ""fx_rates""], ""transform"": ""outer_join_on_date|ffill_applied=yes""}",2010-09-13,,,available,1245.1,,,,,,missing,,,,
2026-07-12T00:46:31.322980,"{""sources"": [""global_market_series"", ""fx_rates""], ""transform"": ""outer_join_on_date|ffill_applied=yes""}",2010-09-14,,,available,1269.7,,,,,,missing,,,,
2026-07-12T00:46:31.322980,"{""sources"": [""global_market_series"", ""fx_rates""], ""transform"": ""outer_join_on_date|ffill_applied=yes""}",2010-09-15,,,available,1266.7,,,,,,missing,,,,
2026-07-12T00:46:31.322980,"{""sources"": [""global_market_series"", ""fx_rates""], ""transform"": ""outer_join_on_date|ffill_applied=yes""}",2010-09-16,,,available,1271.9,,,,,,missing,,,,
2026-07-12T00:46:31.322980,"{""sources"": [""global_market_series"", ""fx_rates""], ""transform"": ""outer_join_on_date|ffill_applied=yes""}",2010-09-17,,,available,1275.6,,,,,,missing,,,,
2026-07-12T00:46:31.322980,"{""sources"": [""global_market_series"", ""fx_rates""], ""transform"": ""outer_join_on_date|ffill_applied=yes""}",2010-09-20,,,available,1279.0,,,,,,missing,,,,
2026-07-12T00:46:31.322980,"{""sources"": [""global_market_series"", ""fx_rates""], ""transform"": ""outer_join_on_date|ffill_applied=yes""}",2010-09-21,,,available,1272.4,,,,,,missing,,,,
2026-07-12T00:46:31.322980,"{""sources"": [""global_market_series"", ""fx_rates""], ""transform"": ""outer_join_on_date|ffill_applied=yes""}",2010-09-22,,,available,1290.2,,,,,,missing,,,,
2026-07-12T00:46:31.322980,"{""sources"": [""global_market_series"", ""fx_rates""], ""transform"": ""outer_join_on_date|ffill_applied=yes""}",2010-09-23,,,available,1294.3,,,,,,missing,,,,
2026-07-12T00:46:31.322980,"{""sources"": [""global_market_series"", ""fx_rates""], ""transform"": ""outer_join_on_date|ffill_applied=yes""}",2010-09-24,,,available,1296.0,,,,,,missing,,,,
2026-07-12T00:46:31.322980,"{""sources"": [""global_market_series"", ""fx_rates""], ""transform"": ""outer_join_on_date|ffill_applied=yes""}",2010-09-27,,,available,1296.7,,,,,,missing,,,,
2026-07-12T00:46:31.322980,"{""sources"": [""global_market_series"", ""fx_rates""], ""transform"": ""outer_join_on_date|ffill_applied=yes""}",2010-09-28,,,available,1306.6,,,,,,missing,,,,
2026-07-12T00:46:31.322980,"{""sources"": [""global_market_series"", ""fx_rates""], ""transform"": ""outer_join_on_date|ffill_applied=yes""}",2010-09-29,,,available,1308.5,,,,,,missing,,,,
2026-07-12T00:46:31.322980,"{""sources"": [""global_market_series"", ""fx_rates""], ""transform"": ""outer_join_on_date|ffill_applied=yes""}",2010-09-30,,,available,1307.8,,,,,,missing,,,,
2026-07-12T00:46:31.322980,"{""sources"": [""global_market_series"", ""fx_rates""], ""transform"": ""outer_join_on_date|ffill_applied=yes""}",2010-10-01,,,available,1316.1,,,,,,missing,,,,
2026-07-12T00:46:31.322980,"{""sources"": [""global_market_series"", ""fx_rates""], ""transform"": ""outer_join_on_date|ffill_applied=yes""}",2010-10-04,,,available,1315.4,,,,,,missing,,,,
2026-07-12T00:46:31.322980,"{""sources"": [""global_market_series"", ""fx_rates""], ""transform"": ""outer_join_on_date|ffill_applied=yes""}",2010-10-05,,,available,1338.9,,,,,,missing,,,,
2026-07-12T00:46:31.322980,"{""sources"": [""global_market_series"", ""fx_rates""], ""transform"": ""outer_join_on_date|ffill_applied=yes""}",2010-10-06,,,available,1346.4,,,,,,missing,,,,
2026-07-12T00:46:31.322980,"{""sources"": [""global_market_series"", ""fx_rates""], ""transform"": ""outer_join_on_date|ffill_applied=yes""}",2010-10-07,,,available,1333.9,,,,,,missing,,,,
2026-07-12T00:46:31.322980,"{""sources"": [""global_market_series"", ""fx_rates""], ""transform"": ""outer_join_on_date|ffill_applied=yes""}",2010-10-08,,,available,1344.2,,,,,,missing,,,,
2026-07-12T00:46:31.322980,"{""sources"": [""global_market_series"", ""fx_rates""], ""transform"": ""outer_join_on_date|ffill_applied=yes""}",2010-10-11,,,available,1353.3,,,,,,missing,,,,
2026-07-12T00:46:31.322980,"{""sources"": [""global_market_series"", ""fx_rates""], ""transform"": ""outer_join_on_date|ffill_applied=yes""}",2010-10-12,,,available,1345.7,,,,,,missing,,,,
2026-07-12T00:46:31.322980,"{""sources"": [""global_market_series"", ""fx_rates""], ""transform"": ""outer_join_on_date|ffill_applied=yes""}",2010-10-13,,,available,1369.5,,,,,,missing,,,,
2026-07-12T00:46:31.322980,"{""sources"": [""global_market_series"", ""fx_rates""], ""transform"": ""outer_join_on_date|ffill_applied=yes""}",2010-10-14,,,available,1376.7,,,,,,missing,,,,
2026-07-12T00:46:31.322980,"{""sources"": [""global_market_series"", ""fx_rates""], ""transform"": ""outer_join_on_date|ffill_applied=yes""}",2010-10-15,,,available,1371.1,,,,,,missing,,,,
2026-07-12T00:46:31.322980,"{""sources"": [""global_market_series"", ""fx_rates""], ""transform"": ""outer_join_on_date|ffill_applied=yes""}",2010-10-18,,,available,1371.2,,,,,,missing,,,,
2026-07-12T00:46:31.322980,"{""sources"": [""global_market_series"", ""fx_rates""], ""transform"": ""outer_join_on_date|ffill_applied=yes""}",2010-10-19,,,available,1335.1,,,,,,missing,,,,
2026-07-12T00:46:31.322980,"{""sources"": [""global_market_series"", ""fx_rates""], ""transform"": ""outer_join_on_date|ffill_applied=yes""}",2010-10-20,,,available,1343.3,,,,,,missing,,,,
2026-07-12T00:46:31.322980,"{""sources"": [""global_market_series"", ""fx_rates""], ""transform"": ""outer_join_on_date|ffill_applied=yes""}",2010-10-21,,,available,1324.7,,,,,,missing,,,,
2026-07-12T00:46:31.322980,"{""sources"": [""global_market_series"", ""fx_rates""], ""transform"": ""outer_join_on_date|ffill_applied=yes""}",2010-10-22,,,available,1324.4,,,,,,missing,,,,
2026-07-12T00:46:31.322980,"{""sources"": [""global_market_series"", ""fx_rates""], ""transform"": ""outer_join_on_date|ffill_applied=yes""}",2010-10-25,,,available,1338.3,,,,,,missing,,,,
2026-07-12T00:46:31.322980,"{""sources"": [""global_market_series"", ""fx_rates""], ""transform"": ""outer_join_on_date|ffill_applied=yes""}",2010-10-26,,,available,1338.0,,,,,,missing,,,,
2026-07-12T00:46:31.322980,"{""sources"": [""global_market_series"", ""fx_rates""], ""transform"": ""outer_join_on_date|ffill_applied=yes""}",2010-10-27,,,available,1322.2,,,,,,missing,,,,
2026-07-12T00:46:31.322980,"{""sources"": [""global_market_series"", ""fx_rates""], ""transform"": ""outer_join_on_date|ffill_applied=yes""}",2010-10-28,,,available,1342.1,,,,,,missing,,,,
2026-07-12T00:46:31.322980,"{""sources"": [""global_market_series"", ""fx_rates""], ""transform"": ""outer_join_on_date|ffill_applied=yes""}",2010-10-29,,,available,1357.1,,,,,,missing,,,,
2026-07-12T00:46:31.322980,"{""sources"": [""global_market_series"", ""fx_rates""], ""transform"": ""outer_join_on_date|ffill_applied=yes""}",2010-11-01,,,available,1350.2,,,,,,missing,,,,
2026-07-12T00:46:31.322980,"{""sources"": [""global_market_series"", ""fx_rates""], ""transform"": ""outer_join_on_date|ffill_applied=yes""}",2010-11-02,,,available,1356.4,,,,,,missing,,,,
2026-07-12T00:46:31.322980,"{""sources"": [""global_market_series"", ""fx_rates""], ""transform"": ""outer_join_on_date|ffill_applied=yes""}",2010-11-03,,,available,1337.1,,,,,,missing,,,,
2026-07-12T00:46:31.322980,"{""sources"": [""global_market_series"", ""fx_rates""], ""transform"": ""outer_join_on_date|ffill_applied=yes""}",2010-11-04,,,available,1382.7,,,,,,missing,,,,
2026-07-12T00:46:31.322980,"{""sources"": [""global_market_series"", ""fx_rates""], ""transform"": ""outer_join_on_date|ffill_applied=yes""}",2010-11-05,,,available,1397.3,,,,,,missing,,,,
2026-07-12T00:46:31.322980,"{""sources"": [""global_market_series"", ""fx_rates""], ""transform"": ""outer_join_on_date|ffill_applied=yes""}",2010-11-08,,,available,1402.8,,,,,,missing,,,,
2026-07-12T00:46:31.322980,"{""sources"": [""global_market_series"", ""fx_rates""], ""transform"": ""outer_join_on_date|ffill_applied=yes""}",2010-11-09,,,available,1409.8,,,,,,missing,,,,
2026-07-12T00:46:31.322980,"{""sources"": [""global_market_series"", ""fx_rates""], ""transform"": ""outer_join_on_date|ffill_applied=yes""}",2010-11-10,,,available,1399.1,,,,,,missing,,,,
2026-07-12T00:46:31.322980,"{""sources"": [""global_market_series"", ""fx_rates""], ""transform"": ""outer_join_on_date|ffill_applied=yes""}",2010-11-11,,,available,1403.1,,,,,,missing,,,,
2026-07-12T00:46:31.322980,"{""sources"": [""global_market_series"", ""fx_rates""], ""transform"": ""outer_join_on_date|ffill_applied=yes""}",2010-11-12,,,available,1365.4,,,,,,missing,,,,
2026-07-12T00:46:31.322980,"{""sources"": [""global_market_series"", ""fx_rates""], ""transform"": ""outer_join_on_date|ffill_applied=yes""}",2010-11-15,,,available,1368.4,,,,,,missing,,,,
2026-07-12T00:46:31.322980,"{""sources"": [""global_market_series"", ""fx_rates""], ""transform"": ""outer_join_on_date|ffill_applied=yes""}",2010-11-16,,,available,1338.3,,,,,,missing,,,,
2026-07-12T00:46:31.322980,"{""sources"": [""global_market_series"", ""fx_rates""], ""transform"": ""outer_join_on_date|ffill_applied=yes""}",2010-11-17,,,available,1336.8,,,,,,missing,,,,
2026-07-12T00:46:31.322980,"{""sources"": [""global_market_series"", ""fx_rates""], ""transform"": ""outer_join_on_date|ffill_applied=yes""}",2010-11-18,,,available,1352.9,,,,,,missing,,,,
2026-07-12T00:46:31.322980,"{""sources"": [""global_market_series"", ""fx_rates""], ""transform"": ""outer_join_on_date|ffill_applied=yes""}",2010-11-19,,,available,1352.2,,,,,,missing,,,,
2026-07-12T00:46:31.322980,"{""sources"": [""global_market_series"", ""fx_rates""], ""transform"": ""outer_join_on_date|ffill_applied=yes""}",2010-11-22,,,available,1357.7,,,,,,missing,,,,
2026-07-12T00:46:31.322980,"{""sources"": [""global_market_series"", ""fx_rates""], ""transform"": ""outer_join_on_date|ffill_applied=yes""}",2010-11-23,,,available,1377.5,,,,,,missing,,,,
2026-07-12T00:46:31.322980,"{""sources"": [""global_market_series"", ""fx_rates""], ""transform"": ""outer_join_on_date|ffill_applied=yes""}",2010-11-24,,,available,1372.9,,,,,,missing,,,,
2026-07-12T00:46:31.322980,"{""sources"": [""global_market_series"", ""fx_rates""], ""transform"": ""outer_join_on_date|ffill_applied=yes""}",2010-11-26,,,available,1362.3,,,,,,missing,,,,
2026-07-12T00:46:31.322980,"{""sources"": [""global_market_series"", ""fx_rates""], ""transform"": ""outer_join_on_date|ffill_applied=yes""}",2010-11-29,,,available,1366.0,,,,,,missing,,,,
2026-07-12T00:46:31.322980,"{""sources"": [""global_market_series"", ""fx_rates""], ""transform"": ""outer_join_on_date|ffill_applied=yes""}",2010-11-30,,,available,1385.0,,,,,,missing,,,,
2026-07-12T00:46:31.322980,"{""sources"": [""global_market_series"", ""fx_rates""], ""transform"": ""outer_join_on_date|ffill_applied=yes""}",2010-12-01,,,available,1387.3,,,,,,missing,,,,
2026-07-12T00:46:31.322980,"{""sources"": [""global_market_series"", ""fx_rates""], ""transform"": ""outer_join_on_date|ffill_applied=yes""}",2010-12-02,,,available,1388.5,,,,,,missing,,,,
2026-07-12T00:46:31.322980,"{""sources"": [""global_market_series"", ""fx_rates""], ""transform"": ""outer_join_on_date|ffill_applied=yes""}",2010-12-03,,,available,1405.4,,,,,,missing,,,,
2026-07-12T00:46:31.322980,"{""sources"": [""global_market_series"", ""fx_rates""], ""transform"": ""outer_join_on_date|ffill_applied=yes""}",2010-12-06,,,available,1415.3,,,,,,missing,,,,
2026-07-12T00:46:31.322980,"{""sources"": [""global_market_series"", ""fx_rates""], ""transform"": ""outer_join_on_date|ffill_applied=yes""}",2010-12-07,,,available,1408.3,,,,,,missing,,,,
2026-07-12T00:46:31.322980,"{""sources"": [""global_market_series"", ""fx_rates""], ""transform"": ""outer_join_on_date|ffill_applied=yes""}",2010-12-08,,,available,1382.5,,,,,,missing,,,,
2026-07-12T00:46:31.322980,"{""sources"": [""global_market_series"", ""fx_rates""], ""transform"": ""outer_join_on_date|ffill_applied=yes""}",2010-12-09,,,available,1392.1,,,,,,missing,,,,
2026-07-12T00:46:31.322980,"{""sources"": [""global_market_series"", ""fx_rates""], ""transform"": ""outer_join_on_date|ffill_applied=yes""}",2010-12-10,,,available,1384.3,,,,,,missing,,,,
2026-07-12T00:46:31.322980,"{""sources"": [""global_market_series"", ""fx_rates""], ""transform"": ""outer_join_on_date|ffill_applied=yes""}",2010-12-13,,,available,1397.3,,,,,,missing,,,,
2026-07-12T00:46:31.322980,"{""sources"": [""global_market_series"", ""fx_rates""], ""transform"": ""outer_join_on_date|ffill_applied=yes""}",2010-12-14,,,available,1403.6,,,,,,missing,,,,
2026-07-12T00:46:31.322980,"{""sources"": [""global_market_series"", ""fx_rates""], ""transform"": ""outer_join_on_date|ffill_applied=yes""}",2010-12-15,,,available,1385.5,,,,,,missing,,,,
2026-07-12T00:46:31.322980,"{""sources"": [""global_market_series"", ""fx_rates""], ""transform"": ""outer_join_on_date|ffill_applied=yes""}",2010-12-16,,,available,1370.4,,,,,,missing,,,,
2026-07-12T00:46:31.322980,"{""sources"": [""global_market_series"", ""fx_rates""], ""transform"": ""outer_join_on_date|ffill_applied=yes""}",2010-12-17,,,available,1378.6,,,,,,missing,,,,
2026-07-12T00:46:31.322980,"{""sources"": [""global_market_series"", ""fx_rates""], ""transform"": ""outer_join_on_date|ffill_applied=yes""}",2010-12-20,,,available,1385.5,,,,,,missing,,,,
2026-07-12T00:46:31.322980,"{""sources"": [""global_market_series"", ""fx_rates""], ""transform"": ""outer_join_on_date|ffill_applied=yes""}",2010-12-21,,,available,1388.2,,,,,,missing,,,,
2026-07-12T00:46:31.322980,"{""sources"": [""global_market_series"", ""fx_rates""], ""transform"": ""outer_join_on_date|ffill_applied=yes""}",2010-12-22,,,available,1386.8,,,,,,missing,,,,
2026-07-12T00:46:31.322980,"{""sources"": [""global_market_series"", ""fx_rates""], ""transform"": ""outer_join_on_date|ffill_applied=yes""}",2010-12-23,,,available,1380.0,,,,,,missing,,,,
2026-07-12T00:46:31.322980,"{""sources"": [""global_market_series"", ""fx_rates""], ""transform"": ""outer_join_on_date|ffill_applied=yes""}",2010-12-24,,,not_configured,,,,,,,missing,,,,
2026-07-12T00:46:31.322980,"{""sources"": [""global_market_series"", ""fx_rates""], ""transform"": ""outer_join_on_date|ffill_applied=yes""}",2010-12-27,,,available,1382.4,,,,,,missing,,,,
2026-07-12T00:46:31.322980,"{""sources"": [""global_market_series"", ""fx_rates""], ""transform"": ""outer_join_on_date|ffill_applied=yes""}",2010-12-28,,,available,1405.2,,,,,,missing,,,,
2026-07-12T00:46:31.322980,"{""sources"": [""global_market_series"", ""fx_rates""], ""transform"": ""outer_join_on_date|ffill_applied=yes""}",2010-12-29,,,available,1413.1,,,,,,missing,,,,
2026-07-12T00:46:31.322980,"{""sources"": [""global_market_series"", ""fx_rates""], ""transform"": ""outer_join_on_date|ffill_applied=yes""}",2010-12-30,,,available,1405.6,,,,,,missing,,,,
2026-07-12T00:46:31.322980,"{""sources"": [""global_market_series"", ""fx_rates""], ""transform"": ""outer_join_on_date|ffill_applied=yes""}",2010-12-31,,,available,1421.1,,,,,,missing,,,,
2026-07-12T00:46:31.322980,"{""sources"": [""global_market_series"", ""fx_rates""], ""transform"": ""outer_join_on_date|ffill_applied=yes""}",2011-01-01,,,not_configured,,,,,,,missing,,,,
2026-07-12T00:46:31.322980,"{""sources"": [""global_market_series"", ""fx_rates""], ""transform"": ""outer_join_on_date|ffill_applied=yes""}",2011-01-03,,,available,1422.6,,,,,,missing,,,,
2026-07-12T00:46:31.322980,"{""sources"": [""global_market_series"", ""fx_rates""], ""transform"": ""outer_join_on_date|ffill_applied=yes""}",2011-01-04,,,available,1378.5,,,,,,missing,,,,
2026-07-12T00:46:31.322980,"{""sources"": [""global_market_series"", ""fx_rates""], ""transform"": ""outer_join_on_date|ffill_applied=yes""}",2011-01-05,,,available,1373.4,,,,,,missing,,,,
2026-07-12T00:46:31.322980,"{""sources"": [""global_market_series"", ""fx_rates""], ""transform"": ""outer_join_on_date|ffill_applied=yes""}",2011-01-06,,,available,1371.4,,,,,,missing,,,,
2026-07-12T00:46:31.322980,"{""sources"": [""global_market_series"", ""fx_rates""], ""transform"": ""outer_join_on_date|ffill_applied=yes""}",2011-01-07,,,available,1368.5,,,,,,missing,,,,
2026-07-12T00:46:31.322980,"{""sources"": [""global_market_series"", ""fx_rates""], ""transform"": ""outer_join_on_date|ffill_applied=yes""}",2011-01-10,,,available,1373.7,,,,,,missing,,,,
2026-07-12T00:46:31.322980,"{""sources"": [""global_market_series"", ""fx_rates""], ""transform"": ""outer_join_on_date|ffill_applied=yes""}",2011-01-11,,,available,1384.0,,,,,,missing,,,,
2026-07-12T00:46:31.322980,"{""sources"": [""global_market_series"", ""fx_rates""], ""transform"": ""outer_join_on_date|ffill_applied=yes""}",2011-01-12,,,available,1385.7,,,,,,missing,,,,
2026-07-12T00:46:31.322980,"{""sources"": [""global_market_series"", ""fx_rates""], ""transform"": ""outer_join_on_date|ffill_applied=yes""}",2011-01-13,,,available,1386.9,,,,,,missing,,,,
2026-07-12T00:46:31.322980,"{""sources"": [""global_market_series"", ""fx_rates""], ""transform"": ""outer_join_on_date|ffill_applied=yes""}",2011-01-14,,,available,1360.4,,,,,,missing,,,,
2026-07-12T00:46:31.322980,"{""sources"": [""global_market_series"", ""fx_rates""], ""transform"": ""outer_join_on_date|ffill_applied=yes""}",2011-01-18,,,available,1368.1,,,,,,missing,,,,
2026-07-12T00:46:31.322980,"{""sources"": [""global_market_series"", ""fx_rates""], ""transform"": ""outer_join_on_date|ffill_applied=yes""}",2011-01-19,,,available,1370.2,,,,,,missing,,,,
2026-07-12T00:46:31.322980,"{""sources"": [""global_market_series"", ""fx_rates""], ""transform"": ""outer_join_on_date|ffill_applied=yes""}",2011-01-20,,,available,1346.5,,,,,,missing,,,,
2026-07-12T00:46:31.322980,"{""sources"": [""global_market_series"", ""fx_rates""], ""transform"": ""outer_join_on_date|ffill_applied=yes""}",2011-01-21,,,available,1341.0,,,,,,missing,,,,
2026-07-12T00:46:31.322980,"{""sources"": [""global_market_series"", ""fx_rates""], ""transform"": ""outer_join_on_date|ffill_applied=yes""}",2011-01-24,,,available,1344.5,,,,,,missing,,,,
2026-07-12T00:46:31.322980,"{""sources"": [""global_market_series"", ""fx_rates""], ""transform"": ""outer_join_on_date|ffill_applied=yes""}",2011-01-25,,,available,1332.3,,,,,,missing,,,,
2026-07-12T00:46:31.322980,"{""sources"": [""global_market_series"", ""fx_rates""], ""transform"": ""outer_join_on_date|ffill_applied=yes""}",2011-01-26,,,available,1333.0,,,,,,missing,,,,
2026-07-12T00:46:31.322980,"{""sources"": [""global_market_series"", ""fx_rates""], ""transform"": ""outer_join_on_date|ffill_applied=yes""}",2011-01-27,,,available,1318.4,,,,,,missing,,,,
2026-07-12T00:46:31.322980,"{""sources"": [""global_market_series"", ""fx_rates""], ""transform"": ""outer_join_on_date|ffill_applied=yes""}",2011-01-28,,,available,1340.7,,,,,,missing,,,,
2026-07-12T00:46:31.322980,"{""sources"": [""global_market_series"", ""fx_rates""], ""transform"": ""outer_join_on_date|ffill_applied=yes""}",2011-01-31,,,available,1333.8,,,,,,missing,,,,
2026-07-12T00:46:31.322980,"{""sources"": [""global_market_series"", ""fx_rates""], ""transform"": ""outer_join_on_date|ffill_applied=yes""}",2011-02-01,,,available,1339.6,,,,,,missing,,,,
2026-07-12T00:46:31.322980,"{""sources"": [""global_market_series"", ""fx_rates""], ""transform"": ""outer_join_on_date|ffill_applied=yes""}",2011-02-02,,,available,1331.5,,,,,,missing,,,,
2026-07-12T00:46:31.322980,"{""sources"": [""global_market_series"", ""fx_rates""], ""transform"": ""outer_join_on_date|ffill_applied=yes""}",2011-02-03,,,available,1352.3,,,,,,missing,,,,
2026-07-12T00:46:31.322980,"{""sources"": [""global_market_series"", ""fx_rates""], ""transform"": ""outer_join_on_date|ffill_applied=yes""}",2011-02-04,,,available,1348.3,,,,,,missing,,,,
2026-07-12T00:46:31.322980,"{""sources"": [""global_market_series"", ""fx_rates""], ""transform"": ""outer_join_on_date|ffill_applied=yes""}",2011-02-07,,,available,1347.6,,,,,,missing,,,,
2026-07-12T00:46:31.322980,"{""sources"": [""global_market_series"", ""fx_rates""], ""transform"": ""outer_join_on_date|ffill_applied=yes""}",2011-02-08,,,available,1363.4,,,,,,missing,,,,
2026-07-12T00:46:31.322980,"{""sources"": [""global_market_series"", ""fx_rates""], ""transform"": ""outer_join_on_date|ffill_applied=yes""}",2011-02-09,,,available,1364.8,,,,,,missing,,,,
2026-07-12T00:46:31.322980,"{""sources"": [""global_market_series"", ""fx_rates""], ""transform"": ""outer_join_on_date|ffill_applied=yes""}",2011-02-10,,,available,1361.9,,,,,,missing,,,,
2026-07-12T00:46:31.322980,"{""sources"": [""global_market_series"", ""fx_rates""], ""transform"": ""outer_join_on_date|ffill_applied=yes""}",2011-02-11,,,available,1359.9,,,,,,missing,,,,
2026-07-12T00:46:31.322980,"{""sources"": [""global_market_series"", ""fx_rates""], ""transform"": ""outer_join_on_date|ffill_applied=yes""}",2011-02-14,,,available,1364.6,,,,,,missing,,,,
2026-07-12T00:46:31.322980,"{""sources"": [""global_market_series"", ""fx_rates""], ""transform"": ""outer_join_on_date|ffill_applied=yes""}",2011-02-15,,,available,1373.6,,,,,,missing,,,,
2026-07-12T00:46:31.322980,"{""sources"": [""global_market_series"", ""fx_rates""], ""transform"": ""outer_join_on_date|ffill_applied=yes""}",2011-02-16,,,available,1374.7,,,,,,missing,,,,
2026-07-12T00:46:31.322980,"{""sources"": [""global_market_series"", ""fx_rates""], ""transform"": ""outer_join_on_date|ffill_applied=yes""}",2011-02-17,,,available,1384.7,,,,,,missing,,,,
2026-07-12T00:46:31.322980,"{""sources"": [""global_market_series"", ""fx_rates""], ""transform"": ""outer_join_on_date|ffill_applied=yes""}",2011-02-18,,,available,1388.2,,,,,,missing,,,,
2026-07-12T00:46:31.322980,"{""sources"": [""global_market_series"", ""fx_rates""], ""transform"": ""outer_join_on_date|ffill_applied=yes""}",2011-02-22,,,available,1400.5,,,,,,missing,,,,
2026-07-12T00:46:31.322980,"{""sources"": [""global_market_series"", ""fx_rates""], ""transform"": ""outer_join_on_date|ffill_applied=yes""}",2011-02-23,,,available,1413.4,,,,,,missing,,,,
2026-07-12T00:46:31.322980,"{""sources"": [""global_market_series"", ""fx_rates""], ""transform"": ""outer_join_on_date|ffill_applied=yes""}",2011-02-24,,,available,1415.3,,,,,,missing,,,,
2026-07-12T00:46:31.322980,"{""sources"": [""global_market_series"", ""fx_rates""], ""transform"": ""outer_join_on_date|ffill_applied=yes""}",2011-02-25,,,available,1408.7,,,,,,missing,,,,
2026-07-12T00:46:31.322980,"{""sources"": [""global_market_series"", ""fx_rates""], ""transform"": ""outer_join_on_date|ffill_applied=yes""}",2011-02-28,,,available,1409.3,,,,,,missing,,,,
2026-07-12T00:46:31.322980,"{""sources"": [""global_market_series"", ""fx_rates""], ""transform"": ""outer_join_on_date|ffill_applied=yes""}",2011-03-01,,,available,1430.7,,,,,,missing,,,,
2026-07-12T00:46:31.322980,"{""sources"": [""global_market_series"", ""fx_rates""], ""transform"": ""outer_join_on_date|ffill_applied=yes""}",2011-03-02,,,available,1437.2,,,,,,missing,,,,
2026-07-12T00:46:31.322980,"{""sources"": [""global_market_series"", ""fx_rates""], ""transform"": ""outer_join_on_date|ffill_applied=yes""}",2011-03-03,,,available,1416.0,,,,,,missing,,,,
2026-07-12T00:46:31.322980,"{""sources"": [""global_market_series"", ""fx_rates""], ""transform"": ""outer_join_on_date|ffill_applied=yes""}",2011-03-04,,,available,1428.2,,,,,,missing,,,,
2026-07-12T00:46:31.322980,"{""sources"": [""global_market_series"", ""fx_rates""], ""transform"": ""outer_join_on_date|ffill_applied=yes""}",2011-03-07,,,available,1434.1,,,,,,missing,,,,
2026-07-12T00:46:31.322980,"{""sources"": [""global_market_series"", ""fx_rates""], ""transform"": ""outer_join_on_date|ffill_applied=yes""}",2011-03-08,,,available,1426.9,,,,,,missing,,,,
2026-07-12T00:46:31.322980,"{""sources"": [""global_market_series"", ""fx_rates""], ""transform"": ""outer_join_on_date|ffill_applied=yes""}",2011-03-09,,,available,1429.3,,,,,,missing,,,,
2026-07-12T00:46:31.322980,"{""sources"": [""global_market_series"", ""fx_rates""], ""transform"": ""outer_join_on_date|ffill_applied=yes""}",2011-03-10,,,available,1412.2,,,,,,missing,,,,
2026-07-12T00:46:31.322980,"{""sources"": [""global_market_series"", ""fx_rates""], ""transform"": ""outer_join_on_date|ffill_applied=yes""}",2011-03-11,,,available,1421.5,,,,,,missing,,,,
2026-07-12T00:46:31.322980,"{""sources"": [""global_market_series"", ""fx_rates""], ""transform"": ""outer_join_on_date|ffill_applied=yes""}",2011-03-14,,,available,1424.6,,,,,,missing,,,,
2026-07-12T00:46:31.322980,"{""sources"": [""global_market_series"", ""fx_rates""], ""transform"": ""outer_join_on_date|ffill_applied=yes""}",2011-03-15,,,available,1392.6,,,,,,missing,,,,
2026-07-12T00:46:31.322980,"{""sources"": [""global_market_series"", ""fx_rates""], ""transform"": ""outer_join_on_date|ffill_applied=yes""}",2011-03-16,,,available,1396.0,,,,,,missing,,,,
2026-07-12T00:46:31.322980,"{""sources"": [""global_market_series"", ""fx_rates""], ""transform"": ""outer_join_on_date|ffill_applied=yes""}",2011-03-17,,,available,1404.0,,,,,,missing,,,,
2026-07-12T00:46:31.322980,"{""sources"": [""global_market_series"", ""fx_rates""], ""transform"": ""outer_join_on_date|ffill_applied=yes""}",2011-03-18,,,available,1415.9,,,,,,missing,,,,
2026-07-12T00:46:31.322980,"{""sources"": [""global_market_series"", ""fx_rates""], ""transform"": ""outer_join_on_date|ffill_applied=yes""}",2011-03-21,,,available,1426.2,,,,,,missing,,,,
2026-07-12T00:46:31.322980,"{""sources"": [""global_market_series"", ""fx_rates""], ""transform"": ""outer_join_on_date|ffill_applied=yes""}",2011-03-22,,,available,1427.5,,,,,,missing,,,,
2026-07-12T00:46:31.322980,"{""sources"": [""global_market_series"", ""fx_rates""], ""transform"": ""outer_join_on_date|ffill_applied=yes""}",2011-03-23,,,available,1437.9,,,,,,missing,,,,
2026-07-12T00:46:31.322980,"{""sources"": [""global_market_series"", ""fx_rates""], ""transform"": ""outer_join_on_date|ffill_applied=yes""}",2011-03-24,,,available,1434.8,,,,,,missing,,,,
2026-07-12T00:46:31.322980,"{""sources"": [""global_market_series"", ""fx_rates""], ""transform"": ""outer_join_on_date|ffill_applied=yes""}",2011-03-25,,,available,1426.1,,,,,,missing,,,,
2026-07-12T00:46:31.322980,"{""sources"": [""global_market_series"", ""fx_rates""], ""transform"": ""outer_join_on_date|ffill_applied=yes""}",2011-03-28,,,available,1419.8,,,,,,missing,,,,
2026-07-12T00:46:31.322980,"{""sources"": [""global_market_series"", ""fx_rates""], ""transform"": ""outer_join_on_date|ffill_applied=yes""}",2011-03-29,,,available,1416.0,,,,,,missing,,,,
2026-07-12T00:46:31.322980,"{""sources"": [""global_market_series"", ""fx_rates""], ""transform"": ""outer_join_on_date|ffill_applied=yes""}",2011-03-30,,,available,1423.8,,,,,,missing,,,,
2026-07-12T00:46:31.322980,"{""sources"": [""global_market_series"", ""fx_rates""], ""transform"": ""outer_join_on_date|ffill_applied=yes""}",2011-03-31,,,available,1438.9,,,,,,missing,,,,
2026-07-12T00:46:31.322980,"{""sources"": [""global_market_series"", ""fx_rates""], ""transform"": ""outer_join_on_date|ffill_applied=yes""}",2011-04-01,,,available,1428.1,,,,,,missing,,,,
2026-07-12T00:46:31.322980,"{""sources"": [""global_market_series"", ""fx_rates""], ""transform"": ""outer_join_on_date|ffill_applied=yes""}",2011-04-04,,,available,1432.2,,,,,,missing,,,,
2026-07-12T00:46:31.322980,"{""sources"": [""global_market_series"", ""fx_rates""], ""transform"": ""outer_join_on_date|ffill_applied=yes""}",2011-04-05,,,available,1451.8,,,,,,missing,,,,
2026-07-12T00:46:31.322980,"{""sources"": [""global_market_series"", ""fx_rates""], ""transform"": ""outer_join_on_date|ffill_applied=yes""}",2011-04-06,,,available,1457.7,,,,,,missing,,,,
2026-07-12T00:46:31.322980,"{""sources"": [""global_market_series"", ""fx_rates""], ""transform"": ""outer_join_on_date|ffill_applied=yes""}",2011-04-07,,,available,1458.5,,,,,,missing,,,,
2026-07-12T00:46:31.322980,"{""sources"": [""global_market_series"", ""fx_rates""], ""transform"": ""outer_join_on_date|ffill_applied=yes""}",2011-04-08,,,available,1473.4,,,,,,missing,,,,
2026-07-12T00:46:31.322980,"{""sources"": [""global_market_series"", ""fx_rates""], ""transform"": ""outer_join_on_date|ffill_applied=yes""}",2011-04-11,,,available,1467.4,,,,,,missing,,,,
2026-07-12T00:46:31.322980,"{""sources"": [""global_market_series"", ""fx_rates""], ""transform"": ""outer_join_on_date|ffill_applied=yes""}",2011-04-12,,,available,1452.9,,,,,,missing,,,,
2026-07-12T00:46:31.322980,"{""sources"": [""global_market_series"", ""fx_rates""], ""transform"": ""outer_join_on_date|ffill_applied=yes""}",2011-04-13,,,available,1454.9,,,,,,missing,,,,
2026-07-12T00:46:31.322980,"{""sources"": [""global_market_series"", ""fx_rates""], ""transform"": ""outer_join_on_date|ffill_applied=yes""}",2011-04-14,,,available,1471.7,,,,,,missing,,,,
2026-07-12T00:46:31.322980,"{""sources"": [""global_market_series"", ""fx_rates""], ""transform"": ""outer_join_on_date|ffill_applied=yes""}",2011-04-15,,,available,1485.3,,,,,,missing,,,,
2026-07-12T00:46:31.322980,"{""sources"": [""global_market_series"", ""fx_rates""], ""transform"": ""outer_join_on_date|ffill_applied=yes""}",2011-04-18,,,available,1492.3,,,,,,missing,,,,
2026-07-12T00:46:31.322980,"{""sources"": [""global_market_series"", ""fx_rates""], ""transform"": ""outer_join_on_date|ffill_applied=yes""}",2011-04-19,,,available,1494.5,,,,,,missing,,,,
2026-07-12T00:46:31.322980,"{""sources"": [""global_market_series"", ""fx_rates""], ""transform"": ""outer_join_on_date|ffill_applied=yes""}",2011-04-20,,,available,1498.3,,,,,,missing,,,,
2026-07-12T00:46:31.322980,"{""sources"": [""global_market_series"", ""fx_rates""], ""transform"": ""outer_join_on_date|ffill_applied=yes""}",2011-04-21,,,available,1503.2,,,,,,missing,,,,
2026-07-12T00:46:31.322980,"{""sources"": [""global_market_series"", ""fx_rates""], ""transform"": ""outer_join_on_date|ffill_applied=yes""}",2011-04-22,,,not_configured,,,,,,,missing,,,,
2026-07-12T00:46:31.322980,"{""sources"": [""global_market_series"", ""fx_rates""], ""transform"": ""outer_join_on_date|ffill_applied=yes""}",2011-04-25,,,available,1508.6,,,,,,missing,,,,
2026-07-12T00:46:31.322980,"{""sources"": [""global_market_series"", ""fx_rates""], ""transform"": ""outer_join_on_date|ffill_applied=yes""}",2011-04-26,,,available,1503.0,,,,,,missing,,,,
2026-07-12T00:46:31.322980,"{""sources"": [""global_market_series"", ""fx_rates""], ""transform"": ""outer_join_on_date|ffill_applied=yes""}",2011-04-27,,,available,1516.7,,,,,,missing,,,,
2026-07-12T00:46:31.322980,"{""sources"": [""global_market_series"", ""fx_rates""], ""transform"": ""outer_join_on_date|ffill_applied=yes""}",2011-04-28,,,available,1530.8,,,,,,missing,,,,
2026-07-12T00:46:31.323985,"{""sources"": [""global_market_series"", ""fx_rates""], ""transform"": ""outer_join_on_date|ffill_applied=yes""}",2011-04-29,,,available,1556.0,,,,,,missing,,,,
2026-07-12T00:46:31.323985,"{""sources"": [""global_market_series"", ""fx_rates""], ""transform"": ""outer_join_on_date|ffill_applied=yes""}",2011-05-01,,,not_configured,,,,,,,missing,,,,
2026-07-12T00:46:31.323985,"{""sources"": [""global_market_series"", ""fx_rates""], ""transform"": ""outer_join_on_date|ffill_applied=yes""}",2011-05-02,,,available,1556.7,,,,,,missing,,,,
2026-07-12T00:46:31.323985,"{""sources"": [""global_market_series"", ""fx_rates""], ""transform"": ""outer_join_on_date|ffill_applied=yes""}",2011-05-03,,,available,1540.1,,,,,,missing,,,,
2026-07-12T00:46:31.323985,"{""sources"": [""global_market_series"", ""fx_rates""], ""transform"": ""outer_join_on_date|ffill_applied=yes""}",2011-05-04,,,available,1514.9,,,,,,missing,,,,
2026-07-12T00:46:31.323985,"{""sources"": [""global_market_series"", ""fx_rates""], ""transform"": ""outer_join_on_date|ffill_applied=yes""}",2011-05-05,,,available,1480.9,,,,,,missing,,,,
2026-07-12T00:46:31.323985,"{""sources"": [""global_market_series"", ""fx_rates""], ""transform"": ""outer_join_on_date|ffill_applied=yes""}",2011-05-06,,,available,1491.2,,,,,,missing,,,,
2026-07-12T00:46:31.323985,"{""sources"": [""global_market_series"", ""fx_rates""], ""transform"": ""outer_join_on_date|ffill_applied=yes""}",2011-05-09,,,available,1502.9,,,,,,missing,,,,
2026-07-12T00:46:31.323985,"{""sources"": [""global_market_series"", ""fx_rates""], ""transform"": ""outer_join_on_date|ffill_applied=yes""}",2011-05-10,,,available,1516.6,,,,,,missing,,,,
2026-07-12T00:46:31.323985,"{""sources"": [""global_market_series"", ""fx_rates""], ""transform"": ""outer_join_on_date|ffill_applied=yes""}",2011-05-11,,,available,1501.1,,,,,,missing,,,,
2026-07-12T00:46:31.323985,"{""sources"": [""global_market_series"", ""fx_rates""], ""transform"": ""outer_join_on_date|ffill_applied=yes""}",2011-05-12,,,available,1506.6,,,,,,missing,,,,
2026-07-12T00:46:31.323985,"{""sources"": [""global_market_series"", ""fx_rates""], ""transform"": ""outer_join_on_date|ffill_applied=yes""}",2011-05-13,,,available,1493.4,,,,,,missing,,,,
2026-07-12T00:46:31.323985,"{""sources"": [""global_market_series"", ""fx_rates""], ""transform"": ""outer_join_on_date|ffill_applied=yes""}",2011-05-16,,,available,1490.4,,,,,,missing,,,,
2026-07-12T00:46:31.323985,"{""sources"": [""global_market_series"", ""fx_rates""], ""transform"": ""outer_join_on_date|ffill_applied=yes""}",2011-05-17,,,available,1479.8,,,,,,missing,,,,
2026-07-12T00:46:31.323985,"{""sources"": [""global_market_series"", ""fx_rates""], ""transform"": ""outer_join_on_date|ffill_applied=yes""}",2011-05-18,,,available,1495.6,,,,,,missing,,,,
2026-07-12T00:46:31.323985,"{""sources"": [""global_market_series"", ""fx_rates""], ""transform"": ""outer_join_on_date|ffill_applied=yes""}",2011-05-19,,,available,1492.2,,,,,,missing,,,,
2026-07-12T00:46:31.323985,"{""sources"": [""global_market_series"", ""fx_rates""], ""transform"": ""outer_join_on_date|ffill_applied=yes""}",2011-05-20,,,available,1508.8,,,,,,missing,,,,
2026-07-12T00:46:31.323985,"{""sources"": [""global_market_series"", ""fx_rates""], ""transform"": ""outer_join_on_date|ffill_applied=yes""}",2011-05-23,,,available,1515.3,,,,,,missing,,,,
2026-07-12T00:46:31.323985,"{""sources"": [""global_market_series"", ""fx_rates""], ""transform"": ""outer_join_on_date|ffill_applied=yes""}",2011-05-24,,,available,1523.2,,,,,,missing,,,,
2026-07-12T00:46:31.323985,"{""sources"": [""global_market_series"", ""fx_rates""], ""transform"": ""outer_join_on_date|ffill_applied=yes""}",2011-05-25,,,available,1526.6,,,,,,missing,,,,
2026-07-12T00:46:31.323985,"{""sources"": [""global_market_series"", ""fx_rates""], ""transform"": ""outer_join_on_date|ffill_applied=yes""}",2011-05-26,,,available,1522.8,,,,,,missing,,,,
2026-07-12T00:46:31.323985,"{""sources"": [""global_market_series"", ""fx_rates""], ""transform"": ""outer_join_on_date|ffill_applied=yes""}",2011-05-27,,,available,1536.3,,,,,,missing,,,,
2026-07-12T00:46:31.323985,"{""sources"": [""global_market_series"", ""fx_rates""], ""transform"": ""outer_join_on_date|ffill_applied=yes""}",2011-05-31,,,available,1535.9,,,,,,missing,,,,
2026-07-12T00:46:31.323985,"{""sources"": [""global_market_series"", ""fx_rates""], ""transform"": ""outer_join_on_date|ffill_applied=yes""}",2011-06-01,,,available,1542.4,,,,,,missing,,,,
2026-07-12T00:46:31.323985,"{""sources"": [""global_market_series"", ""fx_rates""], ""transform"": ""outer_join_on_date|ffill_applied=yes""}",2011-06-02,,,available,1532.0,,,,,,missing,,,,
2026-07-12T00:46:31.323985,"{""sources"": [""global_market_series"", ""fx_rates""], ""transform"": ""outer_join_on_date|ffill_applied=yes""}",2011-06-03,,,available,1541.7,,,,,,missing,,,,
2026-07-12T00:46:31.323985,"{""sources"": [""global_market_series"", ""fx_rates""], ""transform"": ""outer_join_on_date|ffill_applied=yes""}",2011-06-06,,,available,1546.5,,,,,,missing,,,,
2026-07-12T00:46:31.323985,"{""sources"": [""global_market_series"", ""fx_rates""], ""transform"": ""outer_join_on_date|ffill_applied=yes""}",2011-06-07,,,available,1543.3,,,,,,missing,,,,
2026-07-12T00:46:31.323985,"{""sources"": [""global_market_series"", ""fx_rates""], ""transform"": ""outer_join_on_date|ffill_applied=yes""}",2011-06-08,,,available,1538.1,,,,,,missing,,,,
2026-07-12T00:46:31.323985,"{""sources"": [""global_market_series"", ""fx_rates""], ""transform"": ""outer_join_on_date|ffill_applied=yes""}",2011-06-09,,,available,1542.1,,,,,,missing,,,,
2026-07-12T00:46:31.323985,"{""sources"": [""global_market_series"", ""fx_rates""], ""transform"": ""outer_join_on_date|ffill_applied=yes""}",2011-06-10,,,available,1528.6,,,,,,missing,,,,
2026-07-12T00:46:31.323985,"{""sources"": [""global_market_series"", ""fx_rates""], ""transform"": ""outer_join_on_date|ffill_applied=yes""}",2011-06-13,,,available,1515.0,,,,,,missing,,,,
2026-07-12T00:46:31.323985,"{""sources"": [""global_market_series"", ""fx_rates""], ""transform"": ""outer_join_on_date|ffill_applied=yes""}",2011-06-14,,,available,1523.8,,,,,,missing,,,,
2026-07-12T00:46:31.323985,"{""sources"": [""global_market_series"", ""fx_rates""], ""transform"": ""outer_join_on_date|ffill_applied=yes""}",2011-06-15,,,available,1525.6,,,,,,missing,,,,
2026-07-12T00:46:31.323985,"{""sources"": [""global_market_series"", ""fx_rates""], ""transform"": ""outer_join_on_date|ffill_applied=yes""}",2011-06-16,,,available,1529.3,,,,,,missing,,,,
2026-07-12T00:46:31.323985,"{""sources"": [""global_market_series"", ""fx_rates""], ""transform"": ""outer_join_on_date|ffill_applied=yes""}",2011-06-17,,,available,1538.6,,,,,,missing,,,,
2026-07-12T00:46:31.323985,"{""sources"": [""global_market_series"", ""fx_rates""], ""transform"": ""outer_join_on_date|ffill_applied=yes""}",2011-06-20,,,available,1541.5,,,,,,missing,,,,
2026-07-12T00:46:31.323985,"{""sources"": [""global_market_series"", ""fx_rates""], ""transform"": ""outer_join_on_date|ffill_applied=yes""}",2011-06-21,,,available,1546.0,,,,,,missing,,,,
2026-07-12T00:46:31.323985,"{""sources"": [""global_market_series"", ""fx_rates""], ""transform"": ""outer_join_on_date|ffill_applied=yes""}",2011-06-22,,,available,1552.9,,,,,,missing,,,,
2026-07-12T00:46:31.323985,"{""sources"": [""global_market_series"", ""fx_rates""], ""transform"": ""outer_join_on_date|ffill_applied=yes""}",2011-06-23,,,available,1520.1,,,,,,missing,,,,
2026-07-12T00:46:31.323985,"{""sources"": [""global_market_series"", ""fx_rates""], ""transform"": ""outer_join_on_date|ffill_applied=yes""}",2011-06-24,,,available,1500.5,,,,,,missing,,,,
2026-07-12T00:46:31.323985,"{""sources"": [""global_market_series"", ""fx_rates""], ""transform"": ""outer_join_on_date|ffill_applied=yes""}",2011-06-27,,,available,1496.0,,,,,,missing,,,,
2026-07-12T00:46:31.323985,"{""sources"": [""global_market_series"", ""fx_rates""], ""transform"": ""outer_join_on_date|ffill_applied=yes""}",2011-06-28,,,available,1499.7,,,,,,missing,,,,
2026-07-12T00:46:31.323985,"{""sources"": [""global_market_series"", ""fx_rates""], ""transform"": ""outer_join_on_date|ffill_applied=yes""}",2011-06-29,,,available,1509.9,,,,,,missing,,,,
2026-07-12T00:46:31.323985,"{""sources"": [""global_market_series"", ""fx_rates""], ""transform"": ""outer_join_on_date|ffill_applied=yes""}",2011-06-30,,,available,1502.3,,,,,,missing,,,,
2026-07-12T00:46:31.323985,"{""sources"": [""global_market_series"", ""fx_rates""], ""transform"": ""outer_join_on_date|ffill_applied=yes""}",2011-07-01,,,available,1482.3,,,,,,missing,,,,
2026-07-12T00:46:31.323985,"{""sources"": [""global_market_series"", ""fx_rates""], ""transform"": ""outer_join_on_date|ffill_applied=yes""}",2011-07-05,,,available,1512.3,,,,,,missing,,,,
2026-07-12T00:46:31.323985,"{""sources"": [""global_market_series"", ""fx_rates""], ""transform"": ""outer_join_on_date|ffill_applied=yes""}",2011-07-06,75.12000274658203,1528.699951171875,available,1528.7,96.6500015258789,35.9109992980957,1339.219970703125,3.12,,missing,,20540.0,20540.0,16.34000015258789
2026-07-12T00:46:31.323985,"{""sources"": [""global_market_series"", ""fx_rates""], ""transform"": ""outer_join_on_date|ffill_applied=yes""}",2011-07-07,74.95999908447266,1530.199951171875,available,1530.2,98.66999816894531,36.52799987792969,1353.219970703125,3.17,,missing,,20530.0,20530.0,15.949999809265137
2026-07-12T00:46:31.323985,"{""sources"": [""global_market_series"", ""fx_rates""], ""transform"": ""outer_join_on_date|ffill_applied=yes""}",2011-07-08,75.18000030517578,1541.199951171875,available,1541.2,96.19999694824219,36.5359992980957,1343.800048828125,3.03,,missing,,20535.0,20535.0,15.949999809265137
2026-07-12T00:46:31.323985,"{""sources"": [""global_market_series"", ""fx_rates""], ""transform"": ""outer_join_on_date|ffill_applied=yes""}",2011-07-11,75.98999786376953,1548.800048828125,available,1548.8,95.1500015258789,35.68899917602539,1319.489990234375,2.94,,missing,,20530.0,20530.0,18.389999389648438
2026-07-12T00:46:31.323985,"{""sources"": [""global_market_series"", ""fx_rates""], ""transform"": ""outer_join_on_date|ffill_applied=yes""}",2011-07-12,75.80999755859375,1561.9000244140625,available,1561.9,97.43000030517578,35.62900161743164,1313.6400146484375,2.92,,missing,,20540.0,20540.0,19.8700008392334
2026-07-12T00:46:31.323985,"{""sources"": [""global_market_series"", ""fx_rates""], ""transform"": ""outer_join_on_date|ffill_applied=yes""}",2011-07-13,75.20999908447266,1585.199951171875,available,1585.2,98.05000305175781,38.14799880981445,1317.719970703125,2.92,,missing,,20545.0,20545.0,19.90999984741211
2026-07-12T00:46:31.323985,"{""sources"": [""global_market_series"", ""fx_rates""], ""transform"": ""outer_join_on_date|ffill_applied=yes""}",2011-07-14,75.25,1589.0,available,1589.0,95.69000244140625,38.68899917602539,1308.8699951171875,2.98,,missing,,20540.0,20540.0,20.799999237060547
2026-07-12T00:46:31.323985,"{""sources"": [""global_market_series"", ""fx_rates""], ""transform"": ""outer_join_on_date|ffill_applied=yes""}",2011-07-15,75.12999725341797,1589.800048828125,available,1589.8,97.23999786376953,39.0629997253418,1316.1400146484375,2.94,,missing,,20545.0,20545.0,19.530000686645508
2026-07-12T00:46:31.323985,"{""sources"": [""global_market_series"", ""fx_rates""], ""transform"": ""outer_join_on_date|ffill_applied=yes""}",2011-07-18,75.4800033569336,1602.0999755859375,available,1602.1,95.93000030517578,40.33300018310547,1305.43994140625,2.94,,missing,,20540.0,20540.0,20.950000762939453
2026-07-12T00:46:31.323985,"{""sources"": [""global_market_series"", ""fx_rates""], ""transform"": ""outer_join_on_date|ffill_applied=yes""}",2011-07-19,75.22000122070312,1600.9000244140625,available,1600.9,97.5,40.21099853515625,1326.72998046875,2.91,,missing,,20535.0,20535.0,19.209999084472656
2026-07-12T00:46:31.323985,"{""sources"": [""global_market_series"", ""fx_rates""], ""transform"": ""outer_join_on_date|ffill_applied=yes""}",2011-07-20,74.79000091552734,1596.699951171875,available,1596.7,98.13999938964844,39.54600143432617,1325.8399658203125,2.96,,missing,,20525.0,20525.0,19.09000015258789
2026-07-12T00:46:31.323985,"{""sources"": [""global_market_series"", ""fx_rates""], ""transform"": ""outer_join_on_date|ffill_applied=yes""}",2011-07-21,74.0199966430664,1586.800048828125,available,1586.8,99.12999725341797,38.9370002746582,1343.800048828125,3.03,,missing,,20530.0,20530.0,17.559999465942383
2026-07-12T00:46:31.323985,"{""sources"": [""global_market_series"", ""fx_rates""], ""transform"": ""outer_join_on_date|ffill_applied=yes""}",2011-07-22,74.19999694824219,1601.300048828125,available,1601.3,99.87000274658203,40.112998962402344,1345.02001953125,2.99,,missing,,20530.0,20530.0,17.520000457763672
2026-07-12T00:46:31.323985,"{""sources"": [""global_market_series"", ""fx_rates""], ""transform"": ""outer_join_on_date|ffill_applied=yes""}",2011-07-25,74.05999755859375,1612.0,available,1612.0,99.19999694824219,40.354000091552734,1337.4300537109375,3.03,,missing,,20525.0,20525.0,19.350000381469727
2026-07-12T00:46:31.323985,"{""sources"": [""global_market_series"", ""fx_rates""], ""transform"": ""outer_join_on_date|ffill_applied=yes""}",2011-07-26,73.47000122070312,1616.5999755859375,available,1616.6,99.58999633789062,40.691001892089844,1331.93994140625,2.99,,missing,,20530.0,20530.0,20.229999542236328
2026-07-12T00:46:31.323985,"{""sources"": [""global_market_series"", ""fx_rates""], ""transform"": ""outer_join_on_date|ffill_applied=yes""}",2011-07-27,74.08999633789062,1615.0,available,1615.0,97.4000015258789,40.553001403808594,1304.8900146484375,3.01,,missing,,20545.0,20545.0,22.979999542236328
2026-07-12T00:46:31.323985,"{""sources"": [""global_market_series"", ""fx_rates""], ""transform"": ""outer_join_on_date|ffill_applied=yes""}",2011-07-28,74.22000122070312,1613.4000244140625,available,1613.4,97.44000244140625,39.77899932861328,1300.6700439453125,2.98,,missing,,20540.0,20540.0,23.739999771118164
2026-07-12T00:46:31.323985,"{""sources"": [""global_market_series"", ""fx_rates""], ""transform"": ""outer_join_on_date|ffill_applied=yes""}",2011-07-29,73.9000015258789,1628.300048828125,available,1628.3,95.69999694824219,40.09199905395508,1292.280029296875,2.82,,missing,,20540.0,20540.0,25.25
2026-07-12T00:46:31.323985,"{""sources"": [""global_market_series"", ""fx_rates""], ""transform"": ""outer_join_on_date|ffill_applied=yes""}",2011-08-01,74.26000213623047,1619.0,available,1619.0,94.88999938964844,39.29800033569336,1286.93994140625,2.77,,missing,,20333.0,20333.0,23.65999984741211
2026-07-12T00:46:31.323985,"{""sources"": [""global_market_series"", ""fx_rates""], ""transform"": ""outer_join_on_date|ffill_applied=yes""}",2011-08-02,74.51000213623047,1641.9000244140625,available,1641.9,93.79000091552734,40.08100128173828,1254.050048828125,2.66,,missing,,20249.0,20249.0,24.790000915527344
2026-07-12T00:46:31.323985,"{""sources"": [""global_market_series"", ""fx_rates""], ""transform"": ""outer_join_on_date|ffill_applied=yes""}",2011-08-03,74.04000091552734,1663.4000244140625,available,1663.4,91.93000030517578,41.74700164794922,1260.3399658203125,2.64,,missing,,20284.0,20284.0,23.3799991607666
2026-07-12T00:46:31.323985,"{""sources"": [""global_market_series"", ""fx_rates""], ""transform"": ""outer_join_on_date|ffill_applied=yes""}",2011-08-04,75.12000274658203,1656.199951171875,available,1656.2,86.62999725341797,39.417999267578125,1200.0699462890625,2.47,,missing,,20464.0,20464.0,31.65999984741211
2026-07-12T00:46:31.323985,"{""sources"": [""global_market_series"", ""fx_rates""], ""transform"": ""outer_join_on_date|ffill_applied=yes""}",2011-08-05,74.5999984741211,1648.800048828125,available,1648.8,86.87999725341797,38.196998596191406,1199.3800048828125,2.58,,missing,,20302.0,20302.0,32.0
2026-07-12T00:46:31.323985,"{""sources"": [""global_market_series"", ""fx_rates""], ""transform"": ""outer_join_on_date|ffill_applied=yes""}",2011-08-08,74.79000091552734,1710.199951171875,available,1710.2,81.30999755859375,39.374000549316406,1119.4599609375,2.4,,missing,,20328.0,20328.0,48.0
2026-07-12T00:46:31.323985,"{""sources"": [""global_market_series"", ""fx_rates""], ""transform"": ""outer_join_on_date|ffill_applied=yes""}",2011-08-09,74.61000061035156,1740.0,available,1740.0,79.30000305175781,37.87699890136719,1172.530029296875,2.2,,missing,,20533.0,20533.0,35.060001373291016
2026-07-12T00:46:31.323985,"{""sources"": [""global_market_series"", ""fx_rates""], ""transform"": ""outer_join_on_date|ffill_applied=yes""}",2011-08-10,74.63999938964844,1781.300048828125,available,1781.3,82.88999938964844,39.32500076293945,1120.760009765625,2.17,,missing,,20533.0,20533.0,42.9900016784668
2026-07-12T00:46:31.323985,"{""sources"": [""global_market_series"", ""fx_rates""], ""transform"": ""outer_join_on_date|ffill_applied=yes""}",2011-08-11,74.68000030517578,1748.800048828125,available,1748.8,85.72000122070312,38.65599822998047,1172.6400146484375,2.34,,missing,,20556.0,20556.0,39.0
2026-07-12T00:46:31.323985,"{""sources"": [""global_market_series"", ""fx_rates""], ""transform"": ""outer_join_on_date|ffill_applied=yes""}",2011-08-12,74.61000061035156,1740.199951171875,available,1740.2,85.37999725341797,39.10100173950195,1178.81005859375,2.24,,missing,,20556.0,20556.0,36.36000061035156
2026-07-12T00:46:31.323985,"{""sources"": [""global_market_series"", ""fx_rates""], ""transform"": ""outer_join_on_date|ffill_applied=yes""}",2011-08-15,73.83999633789062,1755.5,available,1755.5,87.87999725341797,39.29800033569336,1204.489990234375,2.29,,missing,,20330.0,20330.0,31.8700008392334
2026-07-12T00:46:31.323985,"{""sources"": [""global_market_series"", ""fx_rates""], ""transform"": ""outer_join_on_date|ffill_applied=yes""}",2011-08-16,74.01000213623047,1782.4000244140625,available,1782.4,86.6500015258789,39.82099914550781,1192.760009765625,2.23,,missing,,20481.0,20481.0,32.849998474121094
2026-07-12T00:46:31.323985,"{""sources"": [""global_market_series"", ""fx_rates""], ""transform"": ""outer_join_on_date|ffill_applied=yes""}",2011-08-17,73.66999816894531,1791.199951171875,available,1791.2,87.58000183105469,40.349998474121094,1193.8900146484375,2.17,,missing,,20532.0,20532.0,31.579999923706055
2026-07-12T00:46:31.323985,"{""sources"": [""global_market_series"", ""fx_rates""], ""transform"": ""outer_join_on_date|ffill_applied=yes""}",2011-08-18,74.23999786376953,1818.9000244140625,available,1818.9,82.37999725341797,40.6870002746582,1140.6500244140625,2.08,,missing,,20539.0,20539.0,42.66999816894531
2026-07-12T00:46:31.323985,"{""sources"": [""global_market_series"", ""fx_rates""], ""transform"": ""outer_join_on_date|ffill_applied=yes""}",2011-08-19,73.98999786376953,1848.9000244140625,available,1848.9,82.26000213623047,42.428001403808594,1123.530029296875,2.07,,missing,,20800.0,20800.0,43.04999923706055
2026-07-12T00:46:31.323985,"{""sources"": [""global_market_series"", ""fx_rates""], ""transform"": ""outer_join_on_date|ffill_applied=yes""}",2011-08-22,74.06999969482422,1888.699951171875,available,1888.7,84.12000274658203,43.32099914550781,1123.8199462890625,2.1,,missing,,20780.0,20780.0,42.439998626708984
2026-07-12T00:46:31.323985,"{""sources"": [""global_market_series"", ""fx_rates""], ""transform"": ""outer_join_on_date|ffill_applied=yes""}",2011-08-23,73.87000274658203,1858.300048828125,available,1858.3,85.44000244140625,42.28099822998047,1162.3499755859375,2.15,,missing,,20785.0,20785.0,36.27000045776367
2026-07-12T00:46:31.323985,"{""sources"": [""global_market_series"", ""fx_rates""], ""transform"": ""outer_join_on_date|ffill_applied=yes""}",2011-08-24,74.01000213623047,1754.0999755859375,available,1754.1,85.16000366210938,39.15700149536133,1177.5999755859375,2.29,,missing,,20800.0,20800.0,35.900001525878906
2026-07-12T00:46:31.323985,"{""sources"": [""global_market_series"", ""fx_rates""], ""transform"": ""outer_join_on_date|ffill_applied=yes""}",2011-08-25,74.27999877929688,1759.800048828125,available,1759.8,85.30000305175781,40.7400016784668,1159.27001953125,2.23,,missing,,20790.0,20790.0,39.7599983215332
2026-07-12T00:46:31.323985,"{""sources"": [""global_market_series"", ""fx_rates""], ""transform"": ""outer_join_on_date|ffill_applied=yes""}",2011-08-26,73.80999755859375,1794.0999755859375,available,1794.1,85.37000274658203,40.946998596191406,1176.800048828125,2.19,,missing,,20760.0,20760.0,35.59000015258789
2026-07-12T00:46:31.323985,"{""sources"": [""global_market_series"", ""fx_rates""], ""transform"": ""outer_join_on_date|ffill_applied=yes""}",2011-08-29,73.72000122070312,1788.4000244140625,available,1788.4,87.2699966430664,40.54100036621094,1210.0799560546875,2.28,,missing,,20800.0,20800.0,32.279998779296875
2026-07-12T00:46:31.323985,"{""sources"": [""global_market_series"", ""fx_rates""], ""transform"": ""outer_join_on_date|ffill_applied=yes""}",2011-08-30,73.94000244140625,1826.699951171875,available,1826.7,88.9000015258789,41.39799880981445,1212.9200439453125,2.19,,missing,,20795.0,20795.0,32.88999938964844
2026-07-12T00:46:31.323985,"{""sources"": [""global_market_series"", ""fx_rates""], ""transform"": ""outer_join_on_date|ffill_applied=yes""}",2011-08-31,74.12999725341797,1828.5,available,1828.5,88.80999755859375,41.69900131225586,1218.8900146484375,2.23,,missing,,20800.0,20800.0,31.6200008392334
2026-07-12T00:46:31.323985,"{""sources"": [""global_market_series"", ""fx_rates""], ""transform"": ""outer_join_on_date|ffill_applied=yes""}",2011-09-01,74.4800033569336,1826.0,available,1826.0,88.93000030517578,41.481998443603516,1204.4200439453125,2.15,,missing,,20800.0,20800.0,31.81999969482422
2026-07-12T00:46:31.323985,"{""sources"": [""global_market_series"", ""fx_rates""], ""transform"": ""outer_join_on_date|ffill_applied=yes""}",2011-09-02,74.75,1873.699951171875,available,1873.7,86.44999694824219,43.02000045776367,1173.969970703125,2.02,,missing,,20805.0,20805.0,33.91999816894531
2026-07-12T00:46:31.323985,"{""sources"": [""global_market_series"", ""fx_rates""], ""transform"": ""outer_join_on_date|ffill_applied=yes""}",2011-09-05,74.75,,not_configured,,86.44999694824219,,,2.02,,missing,,20555.0,20555.0,33.91999816894531
2026-07-12T00:46:31.323985,"{""sources"": [""global_market_series"", ""fx_rates""], ""transform"": ""outer_join_on_date|ffill_applied=yes""}",2011-09-06,75.91999816894531,1869.9000244140625,available,1869.9,86.0199966430664,41.81800079345703,1165.239990234375,1.98,,missing,,20810.0,20810.0,37.0
2026-07-12T00:46:31.323985,"{""sources"": [""global_market_series"", ""fx_rates""], ""transform"": ""outer_join_on_date|ffill_applied=yes""}",2011-09-07,75.45999908447266,1814.199951171875,available,1814.2,89.33999633789062,41.571998596191406,1198.6199951171875,2.05,,missing,,20805.0,20805.0,33.380001068115234
2026-07-12T00:46:31.323985,"{""sources"": [""global_market_series"", ""fx_rates""], ""transform"": ""outer_join_on_date|ffill_applied=yes""}",2011-09-08,76.23999786376953,1854.4000244140625,available,1854.4,89.05000305175781,42.479000091552734,1185.9000244140625,2.0,,missing,,20800.0,20800.0,34.31999969482422
2026-07-12T00:46:31.323985,"{""sources"": [""global_market_series"", ""fx_rates""], ""transform"": ""outer_join_on_date|ffill_applied=yes""}",2011-09-09,77.19000244140625,1856.4000244140625,available,1856.4,87.23999786376953,41.573001861572266,1154.22998046875,1.93,,missing,,20805.0,20805.0,38.52000045776367
2026-07-12T00:46:31.323985,"{""sources"": [""global_market_series"", ""fx_rates""], ""transform"": ""outer_join_on_date|ffill_applied=yes""}",2011-09-12,77.56999969482422,1809.9000244140625,available,1809.9,88.19000244140625,40.16400146484375,1162.27001953125,1.94,,missing,,20800.0,20800.0,38.59000015258789
2026-07-12T00:46:31.323985,"{""sources"": [""global_market_series"", ""fx_rates""], ""transform"": ""outer_join_on_date|ffill_applied=yes""}",2011-09-13,76.91000366210938,1826.800048828125,available,1826.8,90.20999908447266,41.12300109863281,1172.8699951171875,2.0,,missing,,20532.0,20532.0,36.90999984741211
2026-07-12T00:46:31.323985,"{""sources"": [""global_market_series"", ""fx_rates""], ""transform"": ""outer_join_on_date|ffill_applied=yes""}",2011-09-14,76.83000183105469,1823.5,available,1823.5,88.91000366210938,40.46900177001953,1188.6800537109375,2.03,,missing,,20800.0,20800.0,34.599998474121094
2026-07-12T00:46:31.323985,"{""sources"": [""global_market_series"", ""fx_rates""], ""transform"": ""outer_join_on_date|ffill_applied=yes""}",2011-09-15,76.23999786376953,1778.5,available,1778.5,89.4000015258789,39.452999114990234,1209.1099853515625,2.09,,missing,,20805.0,20805.0,31.969999313354492
2026-07-12T00:46:31.323985,"{""sources"": [""global_market_series"", ""fx_rates""], ""transform"": ""outer_join_on_date|ffill_applied=yes""}",2011-09-16,76.58000183105469,1812.0999755859375,available,1812.1,87.95999908447266,40.78099822998047,1216.010009765625,2.08,,missing,,20800.0,20800.0,30.979999542236328
2026-07-12T00:46:31.323985,"{""sources"": [""global_market_series"", ""fx_rates""], ""transform"": ""outer_join_on_date|ffill_applied=yes""}",2011-09-19,77.38999938964844,1776.4000244140625,available,1776.4,85.69999694824219,39.11000061035156,1204.0899658203125,1.97,,missing,,20537.0,20537.0,32.72999954223633
2026-07-12T00:46:31.323985,"{""sources"": [""global_market_series"", ""fx_rates""], ""transform"": ""outer_join_on_date|ffill_applied=yes""}",2011-09-20,77.02999877929688,1806.5999755859375,available,1806.6,86.88999938964844,40.08100128173828,1202.0899658203125,1.95,,missing,,20790.0,20790.0,32.86000061035156
2026-07-12T00:46:31.323985,"{""sources"": [""global_market_series"", ""fx_rates""], ""transform"": ""outer_join_on_date|ffill_applied=yes""}",2011-09-21,77.33999633789062,1805.5,available,1805.5,85.91999816894531,40.41999816894531,1166.760009765625,1.88,,missing,,20800.0,20800.0,37.31999969482422
2026-07-12T00:46:31.323985,"{""sources"": [""global_market_series"", ""fx_rates""], ""transform"": ""outer_join_on_date|ffill_applied=yes""}",2011-09-22,78.37999725341797,1739.199951171875,available,1739.2,80.51000213623047,36.53799819946289,1129.56005859375,1.72,,missing,,20517.0,20517.0,41.349998474121094
2026-07-12T00:46:31.323985,"{""sources"": [""global_market_series"", ""fx_rates""], ""transform"": ""outer_join_on_date|ffill_applied=yes""}",2011-09-23,78.30000305175781,1637.5,available,1637.5,79.8499984741211,30.051000595092773,1136.4300537109375,1.84,,missing,,20590.0,20590.0,41.25
2026-07-12T00:46:31.323985,"{""sources"": [""global_market_series"", ""fx_rates""], ""transform"": ""outer_join_on_date|ffill_applied=yes""}",2011-09-26,78.36000061035156,1592.5,available,1592.5,80.23999786376953,29.927000045776367,1162.949951171875,1.91,,missing,,20815.0,20815.0,39.02000045776367
2026-07-12T00:46:31.323985,"{""sources"": [""global_market_series"", ""fx_rates""], ""transform"": ""outer_join_on_date|ffill_applied=yes""}",2011-09-27,77.51000213623047,1650.5999755859375,available,1650.6,84.44999694824219,31.496999740600586,1175.3800048828125,2.0,,missing,,20810.0,20810.0,37.709999084472656
2026-07-12T00:46:31.323985,"{""sources"": [""global_market_series"", ""fx_rates""], ""transform"": ""outer_join_on_date|ffill_applied=yes""}",2011-09-28,77.8499984741211,1616.300048828125,available,1616.3,81.20999908447266,30.084999084472656,1151.06005859375,2.03,,missing,,20810.0,20810.0,41.08000183105469
2026-07-12T00:46:31.323985,"{""sources"": [""global_market_series"", ""fx_rates""], ""transform"": ""outer_join_on_date|ffill_applied=yes""}",2011-09-29,77.91999816894531,1615.5,available,1615.5,82.13999938964844,30.472000122070312,1160.4000244140625,1.99,,missing,,20541.0,20541.0,38.84000015258789
2026-07-12T00:46:31.323985,"{""sources"": [""global_market_series"", ""fx_rates""], ""transform"": ""outer_join_on_date|ffill_applied=yes""}",2011-09-30,78.55000305175781,1620.4000244140625,available,1620.4,79.19999694824219,30.041000366210938,1131.4200439453125,1.92,,missing,,20815.0,20815.0,42.959999084472656
2026-07-12T00:46:31.323985,"{""sources"": [""global_market_series"", ""fx_rates""], ""transform"": ""outer_join_on_date|ffill_applied=yes""}",2011-10-01,78.55000305175781,,not_configured,,79.19999694824219,,,1.92,,missing,,,20815.0,42.959999084472656
2026-07-12T00:46:31.323985,"{""sources"": [""global_market_series"", ""fx_rates""], ""transform"": ""outer_join_on_date|ffill_applied=yes""}",2011-10-03,79.44999694824219,1656.0,available,1656.0,77.61000061035156,30.75,1099.22998046875,1.8,,missing,,20805.0,20805.0,45.45000076293945
2026-07-12T00:46:31.323985,"{""sources"": [""global_market_series"", ""fx_rates""], ""transform"": ""outer_join_on_date|ffill_applied=yes""}",2011-10-04,79.5999984741211,1614.699951171875,available,1614.7,75.66999816894531,29.795000076293945,1123.949951171875,1.81,,missing,,20266.0,20266.0,40.81999969482422
2026-07-12T00:46:31.323985,"{""sources"": [""global_market_series"", ""fx_rates""], ""transform"": ""outer_join_on_date|ffill_applied=yes""}",2011-10-05,78.91000366210938,1640.300048828125,available,1640.3,79.68000030517578,30.316999435424805,1144.030029296875,1.92,,missing,,20810.0,20810.0,37.810001373291016
2026-07-12T00:46:31.323985,"{""sources"": [""global_market_series"", ""fx_rates""], ""transform"": ""outer_join_on_date|ffill_applied=yes""}",2011-10-06,78.52999877929688,1651.9000244140625,available,1651.9,82.58999633789062,31.969999313354492,1164.969970703125,2.01,,missing,,20815.0,20815.0,36.27000045776367
2026-07-12T00:46:31.323985,"{""sources"": [""global_market_series"", ""fx_rates""], ""transform"": ""outer_join_on_date|ffill_applied=yes""}",2011-10-07,78.72000122070312,1634.5,available,1634.5,82.9800033569336,30.95800018310547,1155.4599609375,2.1,,missing,,20810.0,20810.0,36.20000076293945
2026-07-12T00:46:31.323985,"{""sources"": [""global_market_series"", ""fx_rates""], ""transform"": ""outer_join_on_date|ffill_applied=yes""}",2011-10-10,77.5999984741211,1669.5999755859375,available,1669.6,85.41000366210938,31.944000244140625,1194.8900146484375,2.1,,missing,,20566.0,20566.0,33.02000045776367
2026-07-12T00:46:31.323985,"{""sources"": [""global_market_series"", ""fx_rates""], ""transform"": ""outer_join_on_date|ffill_applied=yes""}",2011-10-11,77.58000183105469,1659.699951171875,available,1659.7,85.80999755859375,31.96299934387207,1195.5400390625,2.18,,missing,,20514.0,20514.0,32.86000061035156
2026-07-12T00:46:31.323985,"{""sources"": [""global_market_series"", ""fx_rates""], ""transform"": ""outer_join_on_date|ffill_applied=yes""}",2011-10-12,76.98999786376953,1681.300048828125,available,1681.3,85.56999969482422,32.75400161743164,1207.25,2.24,,missing,,20810.0,20810.0,31.260000228881836
2026-07-12T00:46:31.323985,"{""sources"": [""global_market_series"", ""fx_rates""], ""transform"": ""outer_join_on_date|ffill_applied=yes""}",2011-10-13,76.98999786376953,1667.300048828125,available,1667.3,84.2300033569336,31.632999420166016,1203.6600341796875,2.19,,missing,,20805.0,20805.0,30.700000762939453
2026-07-12T00:46:31.323985,"{""sources"": [""global_market_series"", ""fx_rates""], ""transform"": ""outer_join_on_date|ffill_applied=yes""}",2011-10-14,76.62000274658203,1681.800048828125,available,1681.8,86.80000305175781,32.13999938964844,1224.5799560546875,2.26,,missing,,20870.0,20870.0,28.239999771118164
2026-07-12T00:46:31.323985,"{""sources"": [""global_market_series"", ""fx_rates""], ""transform"": ""outer_join_on_date|ffill_applied=yes""}",2011-10-17,77.13999938964844,1675.5,available,1675.5,86.37999725341797,31.791000366210938,1200.8599853515625,2.18,,missing,,20885.0,20885.0,33.38999938964844
2026-07-12T00:46:31.323985,"{""sources"": [""global_market_series"", ""fx_rates""], ""transform"": ""outer_join_on_date|ffill_applied=yes""}",2011-10-18,77.12999725341797,1651.699951171875,available,1651.7,88.33999633789062,31.801000595092773,1225.3800048828125,2.19,,missing,,20880.0,20880.0,31.559999465942383
2026-07-12T00:46:31.323985,"{""sources"": [""global_market_series"", ""fx_rates""], ""transform"": ""outer_join_on_date|ffill_applied=yes""}",2011-10-19,77.11000061035156,1646.0,available,1646.0,86.11000061035156,31.25200080871582,1209.8800048828125,2.18,,missing,,20920.0,20920.0,34.439998626708984
2026-07-12T00:46:31.323985,"{""sources"": [""global_market_series"", ""fx_rates""], ""transform"": ""outer_join_on_date|ffill_applied=yes""}",2011-10-20,76.97000122070312,1611.9000244140625,available,1611.9,85.30000305175781,30.266000747680664,1215.3900146484375,2.2,,missing,,20682.0,20682.0,34.779998779296875
2026-07-12T00:46:31.323985,"{""sources"": [""global_market_series"", ""fx_rates""], ""transform"": ""outer_join_on_date|ffill_applied=yes""}",2011-10-21,76.30000305175781,1635.0999755859375,available,1635.1,87.4000015258789,31.17300033569336,1238.25,2.23,,missing,,20920.0,20920.0,31.31999969482422
2026-07-12T00:46:31.323985,"{""sources"": [""global_market_series"", ""fx_rates""], ""transform"": ""outer_join_on_date|ffill_applied=yes""}",2011-10-24,76.0199966430664,1651.5,available,1651.5,91.2699966430664,31.6200008392334,1254.18994140625,2.25,,missing,,20925.0,20925.0,29.260000228881836
2026-07-12T00:46:31.323985,"{""sources"": [""global_market_series"", ""fx_rates""], ""transform"": ""outer_join_on_date|ffill_applied=yes""}",2011-10-25,76.25,1699.5999755859375,available,1699.6,93.16999816894531,33.034000396728516,1229.050048828125,2.14,,missing,,20940.0,20940.0,32.220001220703125
2026-07-12T00:46:31.323985,"{""sources"": [""global_market_series"", ""fx_rates""], ""transform"": ""outer_join_on_date|ffill_applied=yes""}",2011-10-26,76.19999694824219,1722.699951171875,available,1722.7,90.19999694824219,33.29100036621094,1242.0,2.23,,missing,,20651.0,20651.0,29.860000610351562
2026-07-12T00:46:31.323985,"{""sources"": [""global_market_series"", ""fx_rates""], ""transform"": ""outer_join_on_date|ffill_applied=yes""}",2011-10-27,74.87000274658203,1746.699951171875,available,1746.7,93.95999908447266,35.095001220703125,1284.5899658203125,2.42,,missing,,20965.0,20965.0,25.459999084472656
2026-07-12T00:46:31.323985,"{""sources"": [""global_market_series"", ""fx_rates""], ""transform"": ""outer_join_on_date|ffill_applied=yes""}",2011-10-28,75.08999633789062,1746.199951171875,available,1746.2,93.31999969482422,35.27000045776367,1285.0899658203125,2.34,,missing,,20980.0,20980.0,24.530000686645508
2026-07-12T00:46:31.323985,"{""sources"": [""global_market_series"", ""fx_rates""], ""transform"": ""outer_join_on_date|ffill_applied=yes""}",2011-10-31,76.16999816894531,1724.199951171875,available,1724.2,93.19000244140625,34.33700180053711,1253.300048828125,2.17,,missing,,20729.0,20729.0,29.959999084472656
2026-07-12T00:46:31.323985,"{""sources"": [""global_market_series"", ""fx_rates""], ""transform"": ""outer_join_on_date|ffill_applied=yes""}",2011-11-01,77.26000213623047,1711.0,available,1711.0,92.19000244140625,32.72200012207031,1218.280029296875,2.01,,missing,,20731.0,20731.0,34.77000045776367
2026-07-12T00:46:31.323985,"{""sources"": [""global_market_series"", ""fx_rates""], ""transform"": ""outer_join_on_date|ffill_applied=yes""}",2011-11-02,77.01000213623047,1728.699951171875,available,1728.7,92.51000213623047,33.92900085449219,1237.9000244140625,2.03,,missing,,20720.0,20720.0,32.7400016784668
