build_timestamp,data_lineage,date,dxy_index,gold_futures_close_usd_oz,lbma_availability,lbma_price_usd_oz,oil_wti_usd_barrel,silver_futures_close_usd_oz,sp500_index,treasury_10y_pct,usd_vnd_ask,usd_vnd_availability,usd_vnd_bid,usd_vnd_market_rate,usd_vnd_mid,vix
2026-07-10T14:10:28.012406,"{""sources"": [""global_market_series"", ""fx_rates""], ""transform"": ""outer_join_on_date|ffill_applied=yes""}",2010-01-01,,,not_configured,,,,,,,available,,,17941.0,
2026-07-10T14:10:28.012459,"{""sources"": [""global_market_series"", ""fx_rates""], ""transform"": ""outer_join_on_date|ffill_applied=yes""}",2010-01-04,77.52999877929688,,not_configured,,81.51000213623047,,1132.989990234375,3.85,,missing,,,17941.0,20.040000915527344
2026-07-10T14:10:28.012493,"{""sources"": [""global_market_series"", ""fx_rates""], ""transform"": ""outer_join_on_date|ffill_applied=yes""}",2010-01-05,77.62000274658203,,not_configured,,81.7699966430664,,1136.52001953125,3.77,,available,,,17941.0,19.350000381469727
2026-07-10T14:10:28.012522,"{""sources"": [""global_market_series"", ""fx_rates""], ""transform"": ""outer_join_on_date|ffill_applied=yes""}",2010-01-06,77.48999786376953,,not_configured,,83.18000030517578,,1137.1400146484375,3.85,,available,,,17941.0,19.15999984741211
2026-07-10T14:10:28.012549,"{""sources"": [""global_market_series"", ""fx_rates""], ""transform"": ""outer_join_on_date|ffill_applied=yes""}",2010-01-07,77.91000366210938,,not_configured,,82.66000366210938,,1141.68994140625,3.85,,available,,,17941.0,19.059999465942383
2026-07-10T14:10:28.012577,"{""sources"": [""global_market_series"", ""fx_rates""], ""transform"": ""outer_join_on_date|ffill_applied=yes""}",2010-01-08,77.47000122070312,,not_configured,,82.75,,1144.97998046875,3.83,,missing,,,17941.0,18.1299991607666
2026-07-10T14:10:28.012603,"{""sources"": [""global_market_series"", ""fx_rates""], ""transform"": ""outer_join_on_date|ffill_applied=yes""}",2010-01-11,77.0,,not_configured,,82.5199966430664,,1146.97998046875,3.85,,missing,,,17941.0,17.549999237060547
2026-07-10T14:10:28.012629,"{""sources"": [""global_market_series"", ""fx_rates""], ""transform"": ""outer_join_on_date|ffill_applied=yes""}",2010-01-12,76.94999694824219,,not_configured,,80.79000091552734,,1136.219970703125,3.74,,available,,,17941.0,18.25
2026-07-10T14:10:28.012654,"{""sources"": [""global_market_series"", ""fx_rates""], ""transform"": ""outer_join_on_date|ffill_applied=yes""}",2010-01-13,76.8499984741211,,not_configured,,79.6500015258789,,1145.6800537109375,3.8,,available,,,17941.0,17.850000381469727
2026-07-10T14:10:28.012679,"{""sources"": [""global_market_series"", ""fx_rates""], ""transform"": ""outer_join_on_date|ffill_applied=yes""}",2010-01-14,76.7300033569336,,not_configured,,79.38999938964844,,1148.4599609375,3.76,,available,,,17941.0,17.6299991607666
2026-07-10T14:10:28.012705,"{""sources"": [""global_market_series"", ""fx_rates""], ""transform"": ""outer_join_on_date|ffill_applied=yes""}",2010-01-15,77.31999969482422,,not_configured,,78.0,,1136.030029296875,3.7,,available,,,17941.0,17.90999984741211
2026-07-10T14:10:28.012733,"{""sources"": [""global_market_series"", ""fx_rates""], ""transform"": ""outer_join_on_date|ffill_applied=yes""}",2010-01-17,77.31999969482422,,not_configured,,78.0,,,3.7,,available,,,17941.0,17.90999984741211
2026-07-10T14:10:28.012761,"{""sources"": [""global_market_series"", ""fx_rates""], ""transform"": ""outer_join_on_date|ffill_applied=yes""}",2010-01-18,77.31999969482422,,not_configured,,78.0,,,3.7,,available,,,17941.0,17.90999984741211
2026-07-10T14:10:28.012786,"{""sources"": [""global_market_series"", ""fx_rates""], ""transform"": ""outer_join_on_date|ffill_applied=yes""}",2010-01-19,77.5,,not_configured,,79.0199966430664,,1150.22998046875,3.73,,available,,,17941.0,17.579999923706055
2026-07-10T14:10:28.012811,"{""sources"": [""global_market_series"", ""fx_rates""], ""transform"": ""outer_join_on_date|ffill_applied=yes""}",2010-01-20,78.33999633789062,,not_configured,,77.62000274658203,,1138.0400390625,3.68,,available,,,17941.0,18.68000030517578
2026-07-10T14:10:28.012855,"{""sources"": [""global_market_series"", ""fx_rates""], ""transform"": ""outer_join_on_date|ffill_applied=yes""}",2010-01-21,78.31999969482422,,not_configured,,76.08000183105469,,1116.47998046875,3.62,,available,,,17941.0,22.270000457763672
2026-07-10T14:10:28.012883,"{""sources"": [""global_market_series"", ""fx_rates""], ""transform"": ""outer_join_on_date|ffill_applied=yes""}",2010-01-22,78.27999877929688,,not_configured,,74.54000091552734,,1091.760009765625,3.62,,available,,,17941.0,27.309999465942383
2026-07-10T14:10:28.012910,"{""sources"": [""global_market_series"", ""fx_rates""], ""transform"": ""outer_join_on_date|ffill_applied=yes""}",2010-01-24,78.27999877929688,,not_configured,,74.54000091552734,,,3.62,,available,,,17941.0,27.309999465942383
2026-07-10T14:10:28.012936,"{""sources"": [""global_market_series"", ""fx_rates""], ""transform"": ""outer_join_on_date|ffill_applied=yes""}",2010-01-25,78.19000244140625,,not_configured,,75.26000213623047,,1096.780029296875,3.66,,available,,,17941.0,25.40999984741211
2026-07-10T14:10:28.012965,"{""sources"": [""global_market_series"", ""fx_rates""], ""transform"": ""outer_join_on_date|ffill_applied=yes""}",2010-01-26,78.43000030517578,,not_configured,,74.70999908447266,,1092.1700439453125,3.65,,available,,,17941.0,24.549999237060547
2026-07-10T14:10:28.012993,"{""sources"": [""global_market_series"", ""fx_rates""], ""transform"": ""outer_join_on_date|ffill_applied=yes""}",2010-01-27,78.68000030517578,,not_configured,,73.66999816894531,,1097.5,3.66,,available,,,17941.0,23.139999389648438
2026-07-10T14:10:28.013021,"{""sources"": [""global_market_series"", ""fx_rates""], ""transform"": ""outer_join_on_date|ffill_applied=yes""}",2010-01-28,78.9000015258789,,not_configured,,73.63999938964844,,1084.530029296875,3.68,,available,,,17941.0,23.729999542236328
2026-07-10T14:10:28.013050,"{""sources"": [""global_market_series"", ""fx_rates""], ""transform"": ""outer_join_on_date|ffill_applied=yes""}",2010-01-29,79.45999908447266,,not_configured,,72.88999938964844,,1073.8699951171875,3.63,,available,,,17941.0,24.6200008392334
2026-07-10T14:10:28.013079,"{""sources"": [""global_market_series"", ""fx_rates""], ""transform"": ""outer_join_on_date|ffill_applied=yes""}",2010-01-31,79.45999908447266,,not_configured,,72.88999938964844,,,3.63,,available,,,17941.0,24.6200008392334
2026-07-10T14:10:28.013109,"{""sources"": [""global_market_series"", ""fx_rates""], ""transform"": ""outer_join_on_date|ffill_applied=yes""}",2010-02-01,79.23999786376953,,not_configured,,74.43000030517578,,1089.18994140625,3.68,,missing,,,17941.0,22.59000015258789
2026-07-10T14:10:28.013136,"{""sources"": [""global_market_series"", ""fx_rates""], ""transform"": ""outer_join_on_date|ffill_applied=yes""}",2010-02-02,79.01000213623047,,not_configured,,77.2300033569336,,1103.3199462890625,3.67,,missing,,,17941.0,21.479999542236328
2026-07-10T14:10:28.013160,"{""sources"": [""global_market_series"", ""fx_rates""], ""transform"": ""outer_join_on_date|ffill_applied=yes""}",2010-02-03,79.37000274658203,,not_configured,,76.9800033569336,,1097.280029296875,3.73,,available,,,17941.0,21.600000381469727
2026-07-10T14:10:28.013185,"{""sources"": [""global_market_series"", ""fx_rates""], ""transform"": ""outer_join_on_date|ffill_applied=yes""}",2010-02-04,79.91999816894531,,not_configured,,73.13999938964844,,1063.1099853515625,3.62,,available,,,17941.0,26.079999923706055
2026-07-10T14:10:28.013210,"{""sources"": [""global_market_series"", ""fx_rates""], ""transform"": ""outer_join_on_date|ffill_applied=yes""}",2010-02-05,80.44000244140625,,not_configured,,71.19000244140625,,1066.18994140625,3.59,,available,,,17941.0,26.110000610351562
2026-07-10T14:10:28.013235,"{""sources"": [""global_market_series"", ""fx_rates""], ""transform"": ""outer_join_on_date|ffill_applied=yes""}",2010-02-07,80.44000244140625,,not_configured,,71.19000244140625,,,3.59,,available,,,17941.0,26.110000610351562
2026-07-10T14:10:28.013260,"{""sources"": [""global_market_series"", ""fx_rates""], ""transform"": ""outer_join_on_date|ffill_applied=yes""}",2010-02-08,80.30000305175781,,not_configured,,71.88999938964844,,1056.739990234375,3.62,,available,,,17941.0,26.510000228881836
2026-07-10T14:10:28.013284,"{""sources"": [""global_market_series"", ""fx_rates""], ""transform"": ""outer_join_on_date|ffill_applied=yes""}",2010-02-09,79.86000061035156,,not_configured,,73.75,,1070.52001953125,3.67,,available,,,17941.0,26.0
2026-07-10T14:10:28.013308,"{""sources"": [""global_market_series"", ""fx_rates""], ""transform"": ""outer_join_on_date|ffill_applied=yes""}",2010-02-10,80.02999877929688,,not_configured,,74.5199966430664,,1068.1300048828125,3.72,,available,,,18544.0,25.399999618530273
2026-07-10T14:10:28.013331,"{""sources"": [""global_market_series"", ""fx_rates""], ""transform"": ""outer_join_on_date|ffill_applied=yes""}",2010-02-11,79.98999786376953,,not_configured,,75.27999877929688,,1078.469970703125,3.73,,available,,,18544.0,23.959999084472656
2026-07-10T14:10:28.013355,"{""sources"": [""global_market_series"", ""fx_rates""], ""transform"": ""outer_join_on_date|ffill_applied=yes""}",2010-02-12,80.31999969482422,,not_configured,,74.12999725341797,,1075.510009765625,3.69,,missing,,,18544.0,22.729999542236328
2026-07-10T14:10:28.013380,"{""sources"": [""global_market_series"", ""fx_rates""], ""transform"": ""outer_join_on_date|ffill_applied=yes""}",2010-02-15,80.31999969482422,,not_configured,,74.12999725341797,,,3.69,,missing,,,18544.0,22.729999542236328
2026-07-10T14:10:28.013404,"{""sources"": [""global_market_series"", ""fx_rates""], ""transform"": ""outer_join_on_date|ffill_applied=yes""}",2010-02-16,79.69999694824219,,not_configured,,77.01000213623047,,1094.8699951171875,3.66,,missing,,,18544.0,22.25
2026-07-10T14:10:28.013429,"{""sources"": [""global_market_series"", ""fx_rates""], ""transform"": ""outer_join_on_date|ffill_applied=yes""}",2010-02-17,80.37999725341797,,not_configured,,77.33000183105469,,1099.510009765625,3.74,,missing,,,18544.0,21.719999313354492
2026-07-10T14:10:28.013452,"{""sources"": [""global_market_series"", ""fx_rates""], ""transform"": ""outer_join_on_date|ffill_applied=yes""}",2010-02-18,80.4000015258789,,not_configured,,79.05999755859375,,1106.75,3.79,,available,,,18544.0,20.6299991607666
2026-07-10T14:10:28.013480,"{""sources"": [""global_market_series"", ""fx_rates""], ""transform"": ""outer_join_on_date|ffill_applied=yes""}",2010-02-19,80.63999938964844,,not_configured,,79.80999755859375,,1109.1700439453125,3.78,,missing,,,18544.0,20.020000457763672
2026-07-10T14:10:28.013504,"{""sources"": [""global_market_series"", ""fx_rates""], ""transform"": ""outer_join_on_date|ffill_applied=yes""}",2010-02-21,80.63999938964844,,not_configured,,79.80999755859375,,,3.78,,available,,,18544.0,20.020000457763672
2026-07-10T14:10:28.013529,"{""sources"": [""global_market_series"", ""fx_rates""], ""transform"": ""outer_join_on_date|ffill_applied=yes""}",2010-02-22,80.51000213623047,,not_configured,,80.16000366210938,,1108.010009765625,3.8,,available,,,18544.0,19.940000534057617
2026-07-10T14:10:28.013553,"{""sources"": [""global_market_series"", ""fx_rates""], ""transform"": ""outer_join_on_date|ffill_applied=yes""}",2010-02-23,80.8499984741211,,not_configured,,78.86000061035156,,1094.5999755859375,3.69,,available,,,18544.0,21.3700008392334
2026-07-10T14:10:28.013578,"{""sources"": [""global_market_series"", ""fx_rates""], ""transform"": ""outer_join_on_date|ffill_applied=yes""}",2010-02-24,80.8499984741211,,not_configured,,80.0,,1105.239990234375,3.7,,available,,,18544.0,20.270000457763672
2026-07-10T14:10:28.013602,"{""sources"": [""global_market_series"", ""fx_rates""], ""transform"": ""outer_join_on_date|ffill_applied=yes""}",2010-02-25,80.79000091552734,,not_configured,,78.16999816894531,,1102.93994140625,3.64,,available,,,18544.0,20.100000381469727
2026-07-10T14:10:28.013626,"{""sources"": [""global_market_series"", ""fx_rates""], ""transform"": ""outer_join_on_date|ffill_applied=yes""}",2010-02-26,80.36000061035156,,not_configured,,79.66000366210938,,1104.489990234375,3.61,,available,,,18544.0,19.5
2026-07-10T14:10:28.013652,"{""sources"": [""global_market_series"", ""fx_rates""], ""transform"": ""outer_join_on_date|ffill_applied=yes""}",2010-02-28,80.36000061035156,,not_configured,,79.66000366210938,,,3.61,,available,,,18544.0,19.5
2026-07-10T14:10:28.013677,"{""sources"": [""global_market_series"", ""fx_rates""], ""transform"": ""outer_join_on_date|ffill_applied=yes""}",2010-03-01,80.66000366210938,,not_configured,,78.69999694824219,,1115.7099609375,3.61,,available,,,18544.0,19.260000228881836
2026-07-10T14:10:28.013700,"{""sources"": [""global_market_series"", ""fx_rates""], ""transform"": ""outer_join_on_date|ffill_applied=yes""}",2010-03-02,80.5199966430664,,not_configured,,79.68000030517578,,1118.31005859375,3.62,,available,,,18544.0,19.059999465942383
2026-07-10T14:10:28.013725,"{""sources"": [""global_market_series"", ""fx_rates""], ""transform"": ""outer_join_on_date|ffill_applied=yes""}",2010-03-03,79.9800033569336,,not_configured,,80.87000274658203,,1118.7900390625,3.63,,available,,,18544.0,18.829999923706055
2026-07-10T14:10:28.013752,"{""sources"": [""global_market_series"", ""fx_rates""], ""transform"": ""outer_join_on_date|ffill_applied=yes""}",2010-03-04,80.55999755859375,,not_configured,,80.20999908447266,,1122.969970703125,3.61,,available,,,18544.0,18.719999313354492
2026-07-10T14:10:28.013778,"{""sources"": [""global_market_series"", ""fx_rates""], ""transform"": ""outer_join_on_date|ffill_applied=yes""}",2010-03-05,80.43000030517578,,not_configured,,81.5,,1138.699951171875,3.69,,available,,,18544.0,17.420000076293945
2026-07-10T14:10:28.013803,"{""sources"": [""global_market_series"", ""fx_rates""], ""transform"": ""outer_join_on_date|ffill_applied=yes""}",2010-03-07,80.43000030517578,,not_configured,,81.5,,,3.69,,available,,,18544.0,17.420000076293945
2026-07-10T14:10:28.013828,"{""sources"": [""global_market_series"", ""fx_rates""], ""transform"": ""outer_join_on_date|ffill_applied=yes""}",2010-03-08,80.43000030517578,,not_configured,,81.87000274658203,,1138.5,3.72,,available,,,18544.0,17.790000915527344
2026-07-10T14:10:28.013853,"{""sources"": [""global_market_series"", ""fx_rates""], ""transform"": ""outer_join_on_date|ffill_applied=yes""}",2010-03-09,80.58999633789062,,not_configured,,81.48999786376953,,1140.449951171875,3.71,,missing,,,18544.0,17.920000076293945
2026-07-10T14:10:28.013877,"{""sources"": [""global_market_series"", ""fx_rates""], ""transform"": ""outer_join_on_date|ffill_applied=yes""}",2010-03-10,80.44999694824219,,not_configured,,82.08999633789062,,1145.6099853515625,3.73,,missing,,,18544.0,18.56999969482422
2026-07-10T14:10:28.013901,"{""sources"": [""global_market_series"", ""fx_rates""], ""transform"": ""outer_join_on_date|ffill_applied=yes""}",2010-03-11,80.31999969482422,,not_configured,,82.11000061035156,,1150.239990234375,3.73,,available,,,18544.0,18.059999465942383
2026-07-10T14:10:28.013928,"{""sources"": [""global_market_series"", ""fx_rates""], ""transform"": ""outer_join_on_date|ffill_applied=yes""}",2010-03-12,79.83000183105469,,not_configured,,81.23999786376953,,1149.989990234375,3.71,,available,,,18544.0,17.579999923706055
2026-07-10T14:10:28.013955,"{""sources"": [""global_market_series"", ""fx_rates""], ""transform"": ""outer_join_on_date|ffill_applied=yes""}",2010-03-14,79.83000183105469,,not_configured,,81.23999786376953,,,3.71,,available,,,18544.0,17.579999923706055
2026-07-10T14:10:28.013983,"{""sources"": [""global_market_series"", ""fx_rates""], ""transform"": ""outer_join_on_date|ffill_applied=yes""}",2010-03-15,80.25,,not_configured,,79.80000305175781,,1150.510009765625,3.71,,missing,,,18544.0,18.0
2026-07-10T14:10:28.014009,"{""sources"": [""global_market_series"", ""fx_rates""], ""transform"": ""outer_join_on_date|ffill_applied=yes""}",2010-03-16,79.75,,not_configured,,81.69999694824219,,1159.4599609375,3.66,,missing,,,18544.0,17.690000534057617
2026-07-10T14:10:28.014035,"{""sources"": [""global_market_series"", ""fx_rates""], ""transform"": ""outer_join_on_date|ffill_applied=yes""}",2010-03-17,79.63999938964844,,not_configured,,82.93000030517578,,1166.2099609375,3.65,,available,,,18544.0,16.90999984741211
2026-07-10T14:10:28.014062,"{""sources"": [""global_market_series"", ""fx_rates""], ""transform"": ""outer_join_on_date|ffill_applied=yes""}",2010-03-18,80.22000122070312,,not_configured,,82.19999694824219,,1165.8299560546875,3.68,,available,,,18544.0,16.6200008392334
2026-07-10T14:10:28.014089,"{""sources"": [""global_market_series"", ""fx_rates""], ""transform"": ""outer_join_on_date|ffill_applied=yes""}",2010-03-19,80.72000122070312,,not_configured,,80.68000030517578,,1159.9000244140625,3.7,,available,,,18544.0,16.969999313354492
2026-07-10T14:10:28.014115,"{""sources"": [""global_market_series"", ""fx_rates""], ""transform"": ""outer_join_on_date|ffill_applied=yes""}",2010-03-21,80.72000122070312,,not_configured,,80.68000030517578,,,3.7,,available,,,18544.0,16.969999313354492
2026-07-10T14:10:28.014144,"{""sources"": [""global_market_series"", ""fx_rates""], ""transform"": ""outer_join_on_date|ffill_applied=yes""}",2010-03-22,80.6500015258789,,not_configured,,81.25,,1165.81005859375,3.67,,available,,,18544.0,16.8700008392334
2026-07-10T14:10:28.014171,"{""sources"": [""global_market_series"", ""fx_rates""], ""transform"": ""outer_join_on_date|ffill_applied=yes""}",2010-03-23,80.9000015258789,,not_configured,,81.91000366210938,,1174.1700439453125,3.69,,available,,,18544.0,16.350000381469727
2026-07-10T14:10:28.014198,"{""sources"": [""global_market_series"", ""fx_rates""], ""transform"": ""outer_join_on_date|ffill_applied=yes""}",2010-03-24,81.83999633789062,,not_configured,,80.61000061035156,,1167.719970703125,3.84,,available,,,18544.0,17.549999237060547
2026-07-10T14:10:28.014225,"{""sources"": [""global_market_series"", ""fx_rates""], ""transform"": ""outer_join_on_date|ffill_applied=yes""}",2010-03-25,82.12000274658203,,not_configured,,80.52999877929688,,1165.72998046875,3.91,,available,,,18544.0,18.399999618530273
2026-07-10T14:10:28.014252,"{""sources"": [""global_market_series"", ""fx_rates""], ""transform"": ""outer_join_on_date|ffill_applied=yes""}",2010-03-26,81.68000030517578,,not_configured,,80.0,,1166.5899658203125,3.86,,available,,,18544.0,17.770000457763672
2026-07-10T14:10:28.014280,"{""sources"": [""global_market_series"", ""fx_rates""], ""transform"": ""outer_join_on_date|ffill_applied=yes""}",2010-03-28,81.68000030517578,,not_configured,,80.0,,,3.86,,available,,,18544.0,17.770000457763672
2026-07-10T14:10:28.014307,"{""sources"": [""global_market_series"", ""fx_rates""], ""transform"": ""outer_join_on_date|ffill_applied=yes""}",2010-03-29,81.36000061035156,,not_configured,,82.16999816894531,,1173.219970703125,3.88,,available,,,18544.0,17.59000015258789
2026-07-10T14:10:28.014334,"{""sources"": [""global_market_series"", ""fx_rates""], ""transform"": ""outer_join_on_date|ffill_applied=yes""}",2010-03-30,81.47000122070312,,not_configured,,82.37000274658203,,1173.27001953125,3.88,,available,,,18544.0,17.1299991607666
2026-07-10T14:10:28.014360,"{""sources"": [""global_market_series"", ""fx_rates""], ""transform"": ""outer_join_on_date|ffill_applied=yes""}",2010-03-31,81.06999969482422,,not_configured,,83.76000213623047,,1169.4300537109375,3.84,,available,,,18544.0,17.59000015258789
2026-07-10T14:10:28.014388,"{""sources"": [""global_market_series"", ""fx_rates""], ""transform"": ""outer_join_on_date|ffill_applied=yes""}",2010-04-01,80.77999877929688,,not_configured,,84.87000274658203,,1178.0999755859375,3.89,,available,,,18544.0,17.469999313354492
2026-07-10T14:10:28.014416,"{""sources"": [""global_market_series"", ""fx_rates""], ""transform"": ""outer_join_on_date|ffill_applied=yes""}",2010-04-02,80.77999877929688,,not_configured,,84.87000274658203,,,3.96,,available,,,18544.0,17.469999313354492
2026-07-10T14:10:28.014443,"{""sources"": [""global_market_series"", ""fx_rates""], ""transform"": ""outer_join_on_date|ffill_applied=yes""}",2010-04-04,80.77999877929688,,not_configured,,84.87000274658203,,,3.96,,available,,,18544.0,17.469999313354492
2026-07-10T14:10:28.014475,"{""sources"": [""global_market_series"", ""fx_rates""], ""transform"": ""outer_join_on_date|ffill_applied=yes""}",2010-04-05,81.08999633789062,,not_configured,,86.62000274658203,,1187.43994140625,4.01,,missing,,,18544.0,17.020000457763672
2026-07-10T14:10:28.014503,"{""sources"": [""global_market_series"", ""fx_rates""], ""transform"": ""outer_join_on_date|ffill_applied=yes""}",2010-04-06,81.38999938964844,,not_configured,,86.83999633789062,,1189.43994140625,3.98,,available,,,18544.0,16.229999542236328
2026-07-10T14:10:28.014530,"{""sources"": [""global_market_series"", ""fx_rates""], ""transform"": ""outer_join_on_date|ffill_applied=yes""}",2010-04-07,81.44000244140625,,not_configured,,85.87999725341797,,1182.449951171875,3.89,,missing,,,18544.0,16.6200008392334
2026-07-10T14:10:28.014555,"{""sources"": [""global_market_series"", ""fx_rates""], ""transform"": ""outer_join_on_date|ffill_applied=yes""}",2010-04-08,81.52999877929688,,not_configured,,85.38999938964844,,1186.43994140625,3.91,,missing,,,18544.0,16.479999542236328
2026-07-10T14:10:28.014582,"{""sources"": [""global_market_series"", ""fx_rates""], ""transform"": ""outer_join_on_date|ffill_applied=yes""}",2010-04-09,81.08999633789062,,not_configured,,84.91999816894531,,1194.3699951171875,3.9,,missing,,,18544.0,16.139999389648438
2026-07-10T14:10:28.014610,"{""sources"": [""global_market_series"", ""fx_rates""], ""transform"": ""outer_join_on_date|ffill_applied=yes""}",2010-04-12,80.55999755859375,,not_configured,,84.33999633789062,,1196.47998046875,3.87,,missing,,,18544.0,15.579999923706055
2026-07-10T14:10:28.014638,"{""sources"": [""global_market_series"", ""fx_rates""], ""transform"": ""outer_join_on_date|ffill_applied=yes""}",2010-04-13,80.51000213623047,,not_configured,,84.05000305175781,,1197.300048828125,3.84,,missing,,,18544.0,16.200000762939453
2026-07-10T14:10:28.014666,"{""sources"": [""global_market_series"", ""fx_rates""], ""transform"": ""outer_join_on_date|ffill_applied=yes""}",2010-04-14,80.19000244140625,,not_configured,,85.83999633789062,,1210.6500244140625,3.88,,available,,,18544.0,15.59000015258789
2026-07-10T14:10:28.014690,"{""sources"": [""global_market_series"", ""fx_rates""], ""transform"": ""outer_join_on_date|ffill_applied=yes""}",2010-04-15,80.4800033569336,,not_configured,,85.51000213623047,,1211.6700439453125,3.86,,available,,,18544.0,15.890000343322754
2026-07-10T14:10:28.014714,"{""sources"": [""global_market_series"", ""fx_rates""], ""transform"": ""outer_join_on_date|ffill_applied=yes""}",2010-04-16,80.81999969482422,,not_configured,,83.23999786376953,,1192.1300048828125,3.79,,available,,,18544.0,18.360000610351562
2026-07-10T14:10:28.014738,"{""sources"": [""global_market_series"", ""fx_rates""], ""transform"": ""outer_join_on_date|ffill_applied=yes""}",2010-04-19,81.0,,not_configured,,81.44999694824219,,1197.52001953125,3.83,,missing,,,18544.0,17.34000015258789
2026-07-10T14:10:28.014762,"{""sources"": [""global_market_series"", ""fx_rates""], ""transform"": ""outer_join_on_date|ffill_applied=yes""}",2010-04-20,81.05000305175781,,not_configured,,83.44999694824219,,1207.1700439453125,3.82,,available,,,18544.0,15.729999542236328
2026-07-10T14:10:28.014786,"{""sources"": [""global_market_series"", ""fx_rates""], ""transform"": ""outer_join_on_date|ffill_applied=yes""}",2010-04-21,81.16000366210938,,not_configured,,83.68000030517578,,1205.93994140625,3.77,,missing,,,18544.0,16.31999969482422
2026-07-10T14:10:28.014810,"{""sources"": [""global_market_series"", ""fx_rates""], ""transform"": ""outer_join_on_date|ffill_applied=yes""}",2010-04-22,81.56999969482422,,not_configured,,83.69999694824219,,1208.6700439453125,3.8,,missing,,,18544.0,16.469999313354492
2026-07-10T14:10:28.014835,"{""sources"": [""global_market_series"", ""fx_rates""], ""transform"": ""outer_join_on_date|ffill_applied=yes""}",2010-04-23,81.3499984741211,,not_configured,,85.12000274658203,,1217.280029296875,3.84,,missing,,,18544.0,16.6200008392334
2026-07-10T14:10:28.014877,"{""sources"": [""global_market_series"", ""fx_rates""], ""transform"": ""outer_join_on_date|ffill_applied=yes""}",2010-04-25,81.3499984741211,,not_configured,,85.12000274658203,,,3.84,,available,,,18544.0,16.6200008392334
2026-07-10T14:10:28.014905,"{""sources"": [""global_market_series"", ""fx_rates""], ""transform"": ""outer_join_on_date|ffill_applied=yes""}",2010-04-26,81.4800033569336,,not_configured,,84.19999694824219,,1212.050048828125,3.83,,available,,,18544.0,17.469999313354492
2026-07-10T14:10:28.014929,"{""sources"": [""global_market_series"", ""fx_rates""], ""transform"": ""outer_join_on_date|ffill_applied=yes""}",2010-04-27,82.1500015258789,,not_configured,,82.44000244140625,,1183.7099609375,3.71,,available,,,18544.0,22.809999465942383
2026-07-10T14:10:28.014953,"{""sources"": [""global_market_series"", ""fx_rates""], ""transform"": ""outer_join_on_date|ffill_applied=yes""}",2010-04-28,82.37999725341797,,not_configured,,83.22000122070312,,1191.3599853515625,3.8,,available,,,18544.0,21.079999923706055
2026-07-10T14:10:28.014978,"{""sources"": [""global_market_series"", ""fx_rates""], ""transform"": ""outer_join_on_date|ffill_applied=yes""}",2010-04-29,82.0,,not_configured,,85.16999816894531,,1206.780029296875,3.76,,missing,,,18544.0,18.440000534057617
2026-07-10T14:10:28.015001,"{""sources"": [""global_market_series"", ""fx_rates""], ""transform"": ""outer_join_on_date|ffill_applied=yes""}",2010-04-30,81.87000274658203,,not_configured,,86.1500015258789,,1186.68994140625,3.69,,missing,,,18544.0,22.049999237060547
2026-07-10T14:10:28.015025,"{""sources"": [""global_market_series"", ""fx_rates""], ""transform"": ""outer_join_on_date|ffill_applied=yes""}",2010-05-01,81.87000274658203,,not_configured,,86.1500015258789,,,3.69,,missing,,,18544.0,22.049999237060547
2026-07-10T14:10:28.015052,"{""sources"": [""global_market_series"", ""fx_rates""], ""transform"": ""outer_join_on_date|ffill_applied=yes""}",2010-05-03,82.2699966430664,,not_configured,,86.19000244140625,,1202.260009765625,3.72,,missing,,,18544.0,20.190000534057617
2026-07-10T14:10:28.015078,"{""sources"": [""global_market_series"", ""fx_rates""], ""transform"": ""outer_join_on_date|ffill_applied=yes""}",2010-05-04,83.30000305175781,,not_configured,,82.73999786376953,,1173.5999755859375,3.63,,available,,,18544.0,23.84000015258789
2026-07-10T14:10:28.015104,"{""sources"": [""global_market_series"", ""fx_rates""], ""transform"": ""outer_join_on_date|ffill_applied=yes""}",2010-05-05,84.08000183105469,,not_configured,,79.97000122070312,,1165.8699951171875,3.58,,available,,,18544.0,24.90999984741211
2026-07-10T14:10:28.015130,"{""sources"": [""global_market_series"", ""fx_rates""], ""transform"": ""outer_join_on_date|ffill_applied=yes""}",2010-05-06,84.88999938964844,,not_configured,,77.11000061035156,,1128.1500244140625,3.41,,available,,,18544.0,32.79999923706055
2026-07-10T14:10:28.015157,"{""sources"": [""global_market_series"", ""fx_rates""], ""transform"": ""outer_join_on_date|ffill_applied=yes""}",2010-05-07,84.44999694824219,,not_configured,,75.11000061035156,,1110.8800048828125,3.45,,available,,,18544.0,40.95000076293945
2026-07-10T14:10:28.015184,"{""sources"": [""global_market_series"", ""fx_rates""], ""transform"": ""outer_join_on_date|ffill_applied=yes""}",2010-05-09,84.44999694824219,,not_configured,,75.11000061035156,,,3.45,,available,,,18544.0,40.95000076293945
2026-07-10T14:10:28.015209,"{""sources"": [""global_market_series"", ""fx_rates""], ""transform"": ""outer_join_on_date|ffill_applied=yes""}",2010-05-10,84.16000366210938,,not_configured,,76.80000305175781,,1159.72998046875,3.57,,available,,,18544.0,28.84000015258789
2026-07-10T14:10:28.015233,"{""sources"": [""global_market_series"", ""fx_rates""], ""transform"": ""outer_join_on_date|ffill_applied=yes""}",2010-05-11,84.47000122070312,,not_configured,,76.37000274658203,,1155.7900390625,3.56,,available,,,18544.0,28.31999969482422
2026-07-10T14:10:28.015256,"{""sources"": [""global_market_series"", ""fx_rates""], ""transform"": ""outer_join_on_date|ffill_applied=yes""}",2010-05-12,84.83000183105469,,not_configured,,75.6500015258789,,1171.6700439453125,3.56,,available,,,18544.0,25.520000457763672
2026-07-10T14:10:28.015281,"{""sources"": [""global_market_series"", ""fx_rates""], ""transform"": ""outer_join_on_date|ffill_applied=yes""}",2010-05-13,85.20999908447266,,not_configured,,74.4000015258789,,1157.43994140625,3.55,,available,,,18544.0,26.68000030517578
2026-07-10T14:10:28.015307,"{""sources"": [""global_market_series"", ""fx_rates""], ""transform"": ""outer_join_on_date|ffill_applied=yes""}",2010-05-14,86.0999984741211,,not_configured,,71.61000061035156,,1135.6800537109375,3.44,,missing,,,18544.0,31.239999771118164
2026-07-10T14:10:28.015332,"{""sources"": [""global_market_series"", ""fx_rates""], ""transform"": ""outer_join_on_date|ffill_applied=yes""}",2010-05-16,86.0999984741211,,not_configured,,71.61000061035156,,,3.44,,available,,,18544.0,31.239999771118164
2026-07-10T14:10:28.015356,"{""sources"": [""global_market_series"", ""fx_rates""], ""transform"": ""outer_join_on_date|ffill_applied=yes""}",2010-05-17,86.20999908447266,,not_configured,,70.08000183105469,,1136.93994140625,3.47,,available,,,18544.0,30.84000015258789
2026-07-10T14:10:28.015379,"{""sources"": [""global_market_series"", ""fx_rates""], ""transform"": ""outer_join_on_date|ffill_applied=yes""}",2010-05-18,87.16000366210938,,not_configured,,69.41000366210938,,1120.800048828125,3.38,,available,,,18544.0,33.54999923706055
2026-07-10T14:10:28.015402,"{""sources"": [""global_market_series"", ""fx_rates""], ""transform"": ""outer_join_on_date|ffill_applied=yes""}",2010-05-19,86.38999938964844,,not_configured,,69.87000274658203,,1115.050048828125,3.36,,available,,,18544.0,35.31999969482422
2026-07-10T14:10:28.015426,"{""sources"": [""global_market_series"", ""fx_rates""], ""transform"": ""outer_join_on_date|ffill_applied=yes""}",2010-05-20,85.56999969482422,,not_configured,,68.01000213623047,,1071.5899658203125,3.25,,available,,,18544.0,45.790000915527344
2026-07-10T14:10:28.015450,"{""sources"": [""global_market_series"", ""fx_rates""], ""transform"": ""outer_join_on_date|ffill_applied=yes""}",2010-05-21,85.37000274658203,,not_configured,,70.04000091552734,,1087.68994140625,3.2,,missing,,,18544.0,40.099998474121094
2026-07-10T14:10:28.015472,"{""sources"": [""global_market_series"", ""fx_rates""], ""transform"": ""outer_join_on_date|ffill_applied=yes""}",2010-05-24,86.20999908447266,,not_configured,,70.20999908447266,,1073.6500244140625,3.23,,available,,,18544.0,38.31999969482422
2026-07-10T14:10:28.015496,"{""sources"": [""global_market_series"", ""fx_rates""], ""transform"": ""outer_join_on_date|ffill_applied=yes""}",2010-05-25,86.77999877929688,,not_configured,,68.75,,1074.030029296875,3.18,,available,,,18544.0,34.61000061035156
2026-07-10T14:10:28.015520,"{""sources"": [""global_market_series"", ""fx_rates""], ""transform"": ""outer_join_on_date|ffill_applied=yes""}",2010-05-26,87.12000274658203,,not_configured,,71.51000213623047,,1067.949951171875,3.21,,available,,,18544.0,35.02000045776367
2026-07-10T14:10:28.015544,"{""sources"": [""global_market_series"", ""fx_rates""], ""transform"": ""outer_join_on_date|ffill_applied=yes""}",2010-05-27,86.18000030517578,,not_configured,,74.55000305175781,,1103.06005859375,3.34,,available,,,18544.0,29.68000030517578
2026-07-10T14:10:28.015571,"{""sources"": [""global_market_series"", ""fx_rates""], ""transform"": ""outer_join_on_date|ffill_applied=yes""}",2010-05-28,86.4800033569336,,not_configured,,73.97000122070312,,1089.4100341796875,3.31,,missing,,,18544.0,32.06999969482422
2026-07-10T14:10:28.015599,"{""sources"": [""global_market_series"", ""fx_rates""], ""transform"": ""outer_join_on_date|ffill_applied=yes""}",2010-05-31,86.4800033569336,,not_configured,,73.97000122070312,,,3.31,,available,,,18544.0,32.06999969482422
2026-07-10T14:10:28.015625,"{""sources"": [""global_market_series"", ""fx_rates""], ""transform"": ""outer_join_on_date|ffill_applied=yes""}",2010-06-01,86.63999938964844,,not_configured,,72.58000183105469,,1070.7099609375,3.29,,available,,,18544.0,35.540000915527344
2026-07-10T14:10:28.015652,"{""sources"": [""global_market_series"", ""fx_rates""], ""transform"": ""outer_join_on_date|ffill_applied=yes""}",2010-06-02,86.79000091552734,,not_configured,,72.86000061035156,,1098.3800048828125,3.35,,available,,,18544.0,30.170000076293945
2026-07-10T14:10:28.015678,"{""sources"": [""global_market_series"", ""fx_rates""], ""transform"": ""outer_join_on_date|ffill_applied=yes""}",2010-06-03,87.13999938964844,,not_configured,,74.61000061035156,,1102.8299560546875,3.39,,available,,,18544.0,29.459999084472656
2026-07-10T14:10:28.015706,"{""sources"": [""global_market_series"", ""fx_rates""], ""transform"": ""outer_join_on_date|ffill_applied=yes""}",2010-06-04,88.2300033569336,,not_configured,,71.51000213623047,,1064.8800048828125,3.2,,available,,,18544.0,35.47999954223633
2026-07-10T14:10:28.015733,"{""sources"": [""global_market_series"", ""fx_rates""], ""transform"": ""outer_join_on_date|ffill_applied=yes""}",2010-06-06,88.2300033569336,,not_configured,,71.51000213623047,,,3.2,,available,,,18544.0,35.47999954223633
2026-07-10T14:10:28.015761,"{""sources"": [""global_market_series"", ""fx_rates""], ""transform"": ""outer_join_on_date|ffill_applied=yes""}",2010-06-07,88.4000015258789,,not_configured,,71.44000244140625,,1050.469970703125,3.17,,available,,,18544.0,36.56999969482422
2026-07-10T14:10:28.015788,"{""sources"": [""global_market_series"", ""fx_rates""], ""transform"": ""outer_join_on_date|ffill_applied=yes""}",2010-06-08,88.38999938964844,,not_configured,,71.98999786376953,,1062.0,3.18,,available,,,18544.0,33.70000076293945
2026-07-10T14:10:28.015817,"{""sources"": [""global_market_series"", ""fx_rates""], ""transform"": ""outer_join_on_date|ffill_applied=yes""}",2010-06-09,87.9000015258789,,not_configured,,74.37999725341797,,1055.68994140625,3.2,,available,,,18544.0,33.72999954223633
2026-07-10T14:10:28.015843,"{""sources"": [""global_market_series"", ""fx_rates""], ""transform"": ""outer_join_on_date|ffill_applied=yes""}",2010-06-10,87.16999816894531,,not_configured,,75.4800033569336,,1086.8399658203125,3.33,,available,,,18544.0,30.56999969482422
2026-07-10T14:10:28.015871,"{""sources"": [""global_market_series"", ""fx_rates""], ""transform"": ""outer_join_on_date|ffill_applied=yes""}",2010-06-11,87.51000213623047,,not_configured,,73.77999877929688,,1091.5999755859375,3.24,,available,,,18544.0,28.790000915527344
2026-07-10T14:10:28.015898,"{""sources"": [""global_market_series"", ""fx_rates""], ""transform"": ""outer_join_on_date|ffill_applied=yes""}",2010-06-13,87.51000213623047,,not_configured,,73.77999877929688,,,3.24,,available,,,18544.0,28.790000915527344
2026-07-10T14:10:28.015925,"{""sources"": [""global_market_series"", ""fx_rates""], ""transform"": ""outer_join_on_date|ffill_applied=yes""}",2010-06-14,86.51000213623047,,not_configured,,75.12000274658203,,1089.6300048828125,3.28,,available,,,18544.0,28.579999923706055
2026-07-10T14:10:28.015953,"{""sources"": [""global_market_series"", ""fx_rates""], ""transform"": ""outer_join_on_date|ffill_applied=yes""}",2010-06-15,85.9800033569336,,not_configured,,76.94000244140625,,1115.22998046875,3.32,,available,,,18544.0,25.8700008392334
2026-07-10T14:10:28.015979,"{""sources"": [""global_market_series"", ""fx_rates""], ""transform"": ""outer_join_on_date|ffill_applied=yes""}",2010-06-16,86.08000183105469,,not_configured,,77.66999816894531,,1114.6099853515625,3.27,,available,,,18544.0,25.920000076293945
2026-07-10T14:10:28.016006,"{""sources"": [""global_market_series"", ""fx_rates""], ""transform"": ""outer_join_on_date|ffill_applied=yes""}",2010-06-17,85.69000244140625,,not_configured,,76.79000091552734,,1116.0400390625,3.21,,available,,,18544.0,25.049999237060547
2026-07-10T14:10:28.016033,"{""sources"": [""global_market_series"", ""fx_rates""], ""transform"": ""outer_join_on_date|ffill_applied=yes""}",2010-06-18,85.69999694824219,,not_configured,,77.18000030517578,,1117.510009765625,3.24,,available,,,18544.0,23.950000762939453
2026-07-10T14:10:28.016060,"{""sources"": [""global_market_series"", ""fx_rates""], ""transform"": ""outer_join_on_date|ffill_applied=yes""}",2010-06-20,85.69999694824219,,not_configured,,77.18000030517578,,,3.24,,available,,,18544.0,23.950000762939453
2026-07-10T14:10:28.016088,"{""sources"": [""global_market_series"", ""fx_rates""], ""transform"": ""outer_join_on_date|ffill_applied=yes""}",2010-06-21,85.93000030517578,,not_configured,,77.81999969482422,,1113.199951171875,3.26,,available,,,18544.0,24.8799991607666
2026-07-10T14:10:28.016116,"{""sources"": [""global_market_series"", ""fx_rates""], ""transform"": ""outer_join_on_date|ffill_applied=yes""}",2010-06-22,86.11000061035156,,not_configured,,77.20999908447266,,1095.31005859375,3.18,,available,,,18544.0,27.049999237060547
2026-07-10T14:10:28.016141,"{""sources"": [""global_market_series"", ""fx_rates""], ""transform"": ""outer_join_on_date|ffill_applied=yes""}",2010-06-23,85.73999786376953,,not_configured,,76.3499984741211,,1092.0400390625,3.13,,available,,,18544.0,26.90999984741211
2026-07-10T14:10:28.016166,"{""sources"": [""global_market_series"", ""fx_rates""], ""transform"": ""outer_join_on_date|ffill_applied=yes""}",2010-06-24,85.7300033569336,,not_configured,,76.51000213623047,,1073.68994140625,3.14,,available,,,18544.0,29.739999771118164
2026-07-10T14:10:28.016191,"{""sources"": [""global_market_series"", ""fx_rates""], ""transform"": ""outer_join_on_date|ffill_applied=yes""}",2010-06-25,85.30999755859375,,not_configured,,78.86000061035156,,1076.760009765625,3.12,,available,,,18544.0,28.530000686645508
2026-07-10T14:10:28.016217,"{""sources"": [""global_market_series"", ""fx_rates""], ""transform"": ""outer_join_on_date|ffill_applied=yes""}",2010-06-28,85.6500015258789,,not_configured,,78.25,,1074.5699462890625,3.05,,missing,,,18544.0,29.0
2026-07-10T14:10:28.016241,"{""sources"": [""global_market_series"", ""fx_rates""], ""transform"": ""outer_join_on_date|ffill_applied=yes""}",2010-06-29,86.02999877929688,,not_configured,,75.94000244140625,,1041.239990234375,2.97,,available,,,18544.0,34.130001068115234
2026-07-10T14:10:28.016265,"{""sources"": [""global_market_series"", ""fx_rates""], ""transform"": ""outer_join_on_date|ffill_applied=yes""}",2010-06-30,86.0199966430664,,not_configured,,75.62999725341797,,1030.7099609375,2.97,,available,,,18544.0,34.540000915527344
2026-07-10T14:10:28.016288,"{""sources"": [""global_market_series"", ""fx_rates""], ""transform"": ""outer_join_on_date|ffill_applied=yes""}",2010-07-01,84.72000122070312,,not_configured,,72.94999694824219,,1027.3699951171875,2.96,,available,,,18544.0,32.86000061035156
2026-07-10T14:10:28.016312,"{""sources"": [""global_market_series"", ""fx_rates""], ""transform"": ""outer_join_on_date|ffill_applied=yes""}",2010-07-02,84.43000030517578,,not_configured,,72.13999938964844,,1022.5800170898438,3.0,,available,,,18544.0,30.1200008392334
2026-07-10T14:10:28.016339,"{""sources"": [""global_market_series"", ""fx_rates""], ""transform"": ""outer_join_on_date|ffill_applied=yes""}",2010-07-04,84.43000030517578,,not_configured,,72.13999938964844,,,3.0,,available,,,18544.0,30.1200008392334
2026-07-10T14:10:28.016365,"{""sources"": [""global_market_series"", ""fx_rates""], ""transform"": ""outer_join_on_date|ffill_applied=yes""}",2010-07-05,84.43000030517578,,not_configured,,72.13999938964844,,,3.0,,available,,,18544.0,30.1200008392334
2026-07-10T14:10:28.016389,"{""sources"": [""global_market_series"", ""fx_rates""], ""transform"": ""outer_join_on_date|ffill_applied=yes""}",2010-07-06,84.08000183105469,,not_configured,,71.9800033569336,,1028.06005859375,2.95,,available,,,18544.0,29.649999618530273
2026-07-10T14:10:28.016414,"{""sources"": [""global_market_series"", ""fx_rates""], ""transform"": ""outer_join_on_date|ffill_applied=yes""}",2010-07-07,83.81999969482422,,not_configured,,74.06999969482422,,1060.27001953125,3.0,,available,,,18544.0,26.84000015258789
2026-07-10T14:10:28.016437,"{""sources"": [""global_market_series"", ""fx_rates""], ""transform"": ""outer_join_on_date|ffill_applied=yes""}",2010-07-08,83.81999969482422,,not_configured,,75.44000244140625,,1070.25,3.04,,available,,,18544.0,25.709999084472656
2026-07-10T14:10:28.016461,"{""sources"": [""global_market_series"", ""fx_rates""], ""transform"": ""outer_join_on_date|ffill_applied=yes""}",2010-07-09,83.94999694824219,,not_configured,,76.08999633789062,,1077.9599609375,3.07,,available,,,18544.0,24.979999542236328
2026-07-10T14:10:28.016485,"{""sources"": [""global_market_series"", ""fx_rates""], ""transform"": ""outer_join_on_date|ffill_applied=yes""}",2010-07-11,83.94999694824219,,not_configured,,76.08999633789062,,,3.07,,available,,,18544.0,24.979999542236328
2026-07-10T14:10:28.016509,"{""sources"": [""global_market_series"", ""fx_rates""], ""transform"": ""outer_join_on_date|ffill_applied=yes""}",2010-07-12,84.19999694824219,,not_configured,,74.94999694824219,,1078.75,3.08,,available,,,18544.0,24.43000030517578
2026-07-10T14:10:28.016533,"{""sources"": [""global_market_series"", ""fx_rates""], ""transform"": ""outer_join_on_date|ffill_applied=yes""}",2010-07-13,83.63999938964844,,not_configured,,77.1500015258789,,1095.3399658203125,3.15,,available,,,18544.0,24.559999465942383
2026-07-10T14:10:28.016557,"{""sources"": [""global_market_series"", ""fx_rates""], ""transform"": ""outer_join_on_date|ffill_applied=yes""}",2010-07-14,83.43000030517578,,not_configured,,77.04000091552734,,1095.1700439453125,3.07,,available,,,18544.0,24.889999389648438
2026-07-10T14:10:28.016581,"{""sources"": [""global_market_series"", ""fx_rates""], ""transform"": ""outer_join_on_date|ffill_applied=yes""}",2010-07-15,82.55999755859375,,not_configured,,76.62000274658203,,1096.47998046875,3.0,,available,,,18544.0,25.139999389648438
2026-07-10T14:10:28.016606,"{""sources"": [""global_market_series"", ""fx_rates""], ""transform"": ""outer_join_on_date|ffill_applied=yes""}",2010-07-16,82.48999786376953,,not_configured,,76.01000213623047,,1064.8800048828125,2.96,,available,,,18544.0,26.25
2026-07-10T14:10:28.016631,"{""sources"": [""global_market_series"", ""fx_rates""], ""transform"": ""outer_join_on_date|ffill_applied=yes""}",2010-07-18,82.48999786376953,,not_configured,,76.01000213623047,,,2.96,,available,,,18544.0,26.25
2026-07-10T14:10:28.016655,"{""sources"": [""global_market_series"", ""fx_rates""], ""transform"": ""outer_join_on_date|ffill_applied=yes""}",2010-07-19,82.51000213623047,,not_configured,,76.54000091552734,,1071.25,2.99,,available,,,18544.0,25.969999313354492
2026-07-10T14:10:28.016679,"{""sources"": [""global_market_series"", ""fx_rates""], ""transform"": ""outer_join_on_date|ffill_applied=yes""}",2010-07-20,82.75,,not_configured,,77.44000244140625,,1083.47998046875,2.98,,available,,,18544.0,23.93000030517578
2026-07-10T14:10:28.016704,"{""sources"": [""global_market_series"", ""fx_rates""], ""transform"": ""outer_join_on_date|ffill_applied=yes""}",2010-07-21,83.38999938964844,,not_configured,,76.55999755859375,,1069.5899658203125,2.9,,available,,,18544.0,25.639999389648438
2026-07-10T14:10:28.016728,"{""sources"": [""global_market_series"", ""fx_rates""], ""transform"": ""outer_join_on_date|ffill_applied=yes""}",2010-07-22,82.5999984741211,,not_configured,,79.30000305175781,,1093.6700439453125,2.96,,available,,,18544.0,24.6299991607666
2026-07-10T14:10:28.016751,"{""sources"": [""global_market_series"", ""fx_rates""], ""transform"": ""outer_join_on_date|ffill_applied=yes""}",2010-07-23,82.45999908447266,,not_configured,,78.9800033569336,,1102.6600341796875,3.02,,available,,,18544.0,23.469999313354492
2026-07-10T14:10:28.016776,"{""sources"": [""global_market_series"", ""fx_rates""], ""transform"": ""outer_join_on_date|ffill_applied=yes""}",2010-07-25,82.45999908447266,,not_configured,,78.9800033569336,,,3.02,,available,,,18544.0,23.469999313354492
2026-07-10T14:10:28.016802,"{""sources"": [""global_market_series"", ""fx_rates""], ""transform"": ""outer_join_on_date|ffill_applied=yes""}",2010-07-26,82.08999633789062,,not_configured,,78.9800033569336,,1115.010009765625,3.03,,missing,,,18544.0,22.729999542236328
2026-07-10T14:10:28.016828,"{""sources"": [""global_market_series"", ""fx_rates""], ""transform"": ""outer_join_on_date|ffill_applied=yes""}",2010-07-27,82.18000030517578,,not_configured,,77.5,,1113.8399658203125,3.08,,missing,,,18544.0,23.190000534057617
2026-07-10T14:10:28.016949,"{""sources"": [""global_market_series"", ""fx_rates""], ""transform"": ""outer_join_on_date|ffill_applied=yes""}",2010-07-28,82.18000030517578,,not_configured,,76.98999786376953,,1106.1300048828125,3.03,,available,,,18544.0,24.25
2026-07-10T14:10:28.017046,"{""sources"": [""global_market_series"", ""fx_rates""], ""transform"": ""outer_join_on_date|ffill_applied=yes""}",2010-07-29,81.63999938964844,,not_configured,,78.36000061035156,,1101.530029296875,3.03,,available,,,18544.0,24.1299991607666
2026-07-10T14:10:28.017086,"{""sources"": [""global_market_series"", ""fx_rates""], ""transform"": ""outer_join_on_date|ffill_applied=yes""}",2010-07-30,81.54000091552734,,not_configured,,78.94999694824219,,1101.5999755859375,2.94,,available,,,18544.0,23.5
2026-07-10T14:10:28.017122,"{""sources"": [""global_market_series"", ""fx_rates""], ""transform"": ""outer_join_on_date|ffill_applied=yes""}",2010-08-01,81.54000091552734,,not_configured,,78.94999694824219,,,2.94,,available,,,18544.0,23.5
2026-07-10T14:10:28.017151,"{""sources"": [""global_market_series"", ""fx_rates""], ""transform"": ""outer_join_on_date|ffill_applied=yes""}",2010-08-02,80.94000244140625,,not_configured,,81.33999633789062,,1125.8599853515625,2.99,,available,,,18544.0,22.010000228881836
2026-07-10T14:10:28.017178,"{""sources"": [""global_market_series"", ""fx_rates""], ""transform"": ""outer_join_on_date|ffill_applied=yes""}",2010-08-03,80.5999984741211,,not_configured,,82.55000305175781,,1120.4599609375,2.94,,available,,,18544.0,22.6299991607666
2026-07-10T14:10:28.017204,"{""sources"": [""global_market_series"", ""fx_rates""], ""transform"": ""outer_join_on_date|ffill_applied=yes""}",2010-08-04,80.88999938964844,,not_configured,,82.47000122070312,,1127.239990234375,2.98,,available,,,18544.0,22.209999084472656
2026-07-10T14:10:28.017229,"{""sources"": [""global_market_series"", ""fx_rates""], ""transform"": ""outer_join_on_date|ffill_applied=yes""}",2010-08-05,80.81999969482422,,not_configured,,82.01000213623047,,1125.81005859375,2.94,,available,,,18544.0,22.100000381469727
2026-07-10T14:10:28.017255,"{""sources"": [""global_market_series"", ""fx_rates""], ""transform"": ""outer_join_on_date|ffill_applied=yes""}",2010-08-06,80.41000366210938,,not_configured,,80.69999694824219,,1121.6400146484375,2.86,,missing,,,18544.0,21.739999771118164
2026-07-10T14:10:28.017281,"{""sources"": [""global_market_series"", ""fx_rates""], ""transform"": ""outer_join_on_date|ffill_applied=yes""}",2010-08-08,80.41000366210938,,not_configured,,80.69999694824219,,,2.86,,available,,,18544.0,21.739999771118164
2026-07-10T14:10:28.017306,"{""sources"": [""global_market_series"", ""fx_rates""], ""transform"": ""outer_join_on_date|ffill_applied=yes""}",2010-08-09,80.70999908447266,,not_configured,,81.4800033569336,,1127.7900390625,2.86,,available,,,18544.0,22.139999389648438
2026-07-10T14:10:28.017331,"{""sources"": [""global_market_series"", ""fx_rates""], ""transform"": ""outer_join_on_date|ffill_applied=yes""}",2010-08-10,80.80000305175781,,not_configured,,80.25,,1121.06005859375,2.79,,available,,,18544.0,22.3700008392334
2026-07-10T14:10:28.017356,"{""sources"": [""global_market_series"", ""fx_rates""], ""transform"": ""outer_join_on_date|ffill_applied=yes""}",2010-08-11,82.29000091552734,,not_configured,,78.0199966430664,,1089.469970703125,2.72,,available,,,18544.0,25.389999389648438
2026-07-10T14:10:28.017380,"{""sources"": [""global_market_series"", ""fx_rates""], ""transform"": ""outer_join_on_date|ffill_applied=yes""}",2010-08-12,82.63999938964844,,not_configured,,75.73999786376953,,1083.6099853515625,2.74,,available,,,18544.0,25.729999542236328
2026-07-10T14:10:28.017404,"{""sources"": [""global_market_series"", ""fx_rates""], ""transform"": ""outer_join_on_date|ffill_applied=yes""}",2010-08-13,82.94999694824219,,not_configured,,75.38999938964844,,1079.25,2.68,,available,,,18544.0,26.239999771118164
2026-07-10T14:10:28.017430,"{""sources"": [""global_market_series"", ""fx_rates""], ""transform"": ""outer_join_on_date|ffill_applied=yes""}",2010-08-15,82.94999694824219,,not_configured,,75.38999938964844,,,2.68,,available,,,18544.0,26.239999771118164
2026-07-10T14:10:28.017455,"{""sources"": [""global_market_series"", ""fx_rates""], ""transform"": ""outer_join_on_date|ffill_applied=yes""}",2010-08-16,82.52999877929688,,not_configured,,75.23999786376953,,1079.3800048828125,2.58,,available,,,18544.0,26.100000381469727
2026-07-10T14:10:28.017480,"{""sources"": [""global_market_series"", ""fx_rates""], ""transform"": ""outer_join_on_date|ffill_applied=yes""}",2010-08-17,82.2300033569336,,not_configured,,75.7699966430664,,1092.5400390625,2.64,,available,,,18932.0,24.329999923706055
2026-07-10T14:10:28.017505,"{""sources"": [""global_market_series"", ""fx_rates""], ""transform"": ""outer_join_on_date|ffill_applied=yes""}",2010-08-18,82.22000122070312,,not_configured,,75.41999816894531,,1094.1600341796875,2.64,,available,,,18932.0,24.59000015258789
2026-07-10T14:10:28.017531,"{""sources"": [""global_market_series"", ""fx_rates""], ""transform"": ""outer_join_on_date|ffill_applied=yes""}",2010-08-19,82.44999694824219,,not_configured,,74.43000030517578,,1075.6300048828125,2.58,,available,,,18932.0,26.440000534057617
2026-07-10T14:10:28.017557,"{""sources"": [""global_market_series"", ""fx_rates""], ""transform"": ""outer_join_on_date|ffill_applied=yes""}",2010-08-20,83.05999755859375,,not_configured,,73.45999908447266,,1071.68994140625,2.62,,missing,,,18932.0,25.489999771118164
2026-07-10T14:10:28.017583,"{""sources"": [""global_market_series"", ""fx_rates""], ""transform"": ""outer_join_on_date|ffill_applied=yes""}",2010-08-22,83.05999755859375,,not_configured,,73.45999908447266,,,2.62,,available,,,18932.0,25.489999771118164
2026-07-10T14:10:28.017609,"{""sources"": [""global_market_series"", ""fx_rates""], ""transform"": ""outer_join_on_date|ffill_applied=yes""}",2010-08-23,83.12000274658203,,not_configured,,73.0999984741211,,1067.3599853515625,2.6,,available,,,18932.0,25.65999984741211
2026-07-10T14:10:28.017634,"{""sources"": [""global_market_series"", ""fx_rates""], ""transform"": ""outer_join_on_date|ffill_applied=yes""}",2010-08-24,83.1500015258789,,not_configured,,71.62999725341797,,1051.8699951171875,2.5,,available,,,18932.0,27.459999084472656
2026-07-10T14:10:28.017660,"{""sources"": [""global_market_series"", ""fx_rates""], ""transform"": ""outer_join_on_date|ffill_applied=yes""}",2010-08-25,83.26000213623047,,not_configured,,72.5199966430664,,1055.3299560546875,2.54,,available,,,18932.0,26.700000762939453
2026-07-10T14:10:28.017686,"{""sources"": [""global_market_series"", ""fx_rates""], ""transform"": ""outer_join_on_date|ffill_applied=yes""}",2010-08-26,82.93000030517578,,not_configured,,73.36000061035156,,1047.219970703125,2.5,,missing,,,18932.0,27.3700008392334
2026-07-10T14:10:28.017712,"{""sources"": [""global_market_series"", ""fx_rates""], ""transform"": ""outer_join_on_date|ffill_applied=yes""}",2010-08-27,82.91999816894531,,not_configured,,75.16999816894531,,1064.5899658203125,2.66,,missing,,,18932.0,24.450000762939453
2026-07-10T14:10:28.017737,"{""sources"": [""global_market_series"", ""fx_rates""], ""transform"": ""outer_join_on_date|ffill_applied=yes""}",2010-08-30,83.16000366210938,,not_configured,,74.69999694824219,,1048.9200439453125,2.54,,available,,,18932.0,27.209999084472656
2026-07-10T14:10:28.017763,"{""sources"": [""global_market_series"", ""fx_rates""], ""transform"": ""outer_join_on_date|ffill_applied=yes""}",2010-08-31,83.19999694824219,,not_configured,,71.91999816894531,,1049.3299560546875,2.47,,available,,,18932.0,26.049999237060547
2026-07-10T14:10:28.017789,"{""sources"": [""global_market_series"", ""fx_rates""], ""transform"": ""outer_join_on_date|ffill_applied=yes""}",2010-09-01,82.5199966430664,,not_configured,,73.91000366210938,,1080.2900390625,2.58,,missing,,,18932.0,23.889999389648438
2026-07-10T14:10:28.017815,"{""sources"": [""global_market_series"", ""fx_rates""], ""transform"": ""outer_join_on_date|ffill_applied=yes""}",2010-09-02,82.45999908447266,,not_configured,,75.0199966430664,,1090.0999755859375,2.63,,available,,,18932.0,23.190000534057617
2026-07-10T14:10:28.017843,"{""sources"": [""global_market_series"", ""fx_rates""], ""transform"": ""outer_join_on_date|ffill_applied=yes""}",2010-09-03,83.0999984741211,,not_configured,,74.5999984741211,,1104.510009765625,2.72,,missing,,,18932.0,21.309999465942383
2026-07-10T14:10:28.017870,"{""sources"": [""global_market_series"", ""fx_rates""], ""transform"": ""outer_join_on_date|ffill_applied=yes""}",2010-09-05,83.0999984741211,,not_configured,,74.5999984741211,,,2.72,,available,,,18932.0,21.309999465942383
2026-07-10T14:10:28.017897,"{""sources"": [""global_market_series"", ""fx_rates""], ""transform"": ""outer_join_on_date|ffill_applied=yes""}",2010-09-06,83.0999984741211,,not_configured,,74.5999984741211,,,2.72,,available,,,18932.0,21.309999465942383
2026-07-10T14:10:28.017923,"{""sources"": [""global_market_series"", ""fx_rates""], ""transform"": ""outer_join_on_date|ffill_applied=yes""}",2010-09-07,82.81999969482422,,not_configured,,74.08999633789062,,1091.8399658203125,2.61,,available,,,18932.0,23.799999237060547
2026-07-10T14:10:28.017949,"{""sources"": [""global_market_series"", ""fx_rates""], ""transform"": ""outer_join_on_date|ffill_applied=yes""}",2010-09-08,82.58999633789062,,not_configured,,74.66999816894531,,1098.8699951171875,2.66,,available,,,18932.0,23.25
2026-07-10T14:10:28.017975,"{""sources"": [""global_market_series"", ""fx_rates""], ""transform"": ""outer_join_on_date|ffill_applied=yes""}",2010-09-09,82.66999816894531,,not_configured,,74.25,,1104.1800537109375,2.77,,available,,,18932.0,22.809999465942383
2026-07-10T14:10:28.018001,"{""sources"": [""global_market_series"", ""fx_rates""], ""transform"": ""outer_join_on_date|ffill_applied=yes""}",2010-09-10,82.69999694824219,,not_configured,,76.44999694824219,,1109.550048828125,2.81,,missing,,,18932.0,21.989999771118164
2026-07-10T14:10:28.018028,"{""sources"": [""global_market_series"", ""fx_rates""], ""transform"": ""outer_join_on_date|ffill_applied=yes""}",2010-09-12,82.69999694824219,,not_configured,,76.44999694824219,,,2.81,,available,,,18932.0,21.989999771118164
2026-07-10T14:10:28.018054,"{""sources"": [""global_market_series"", ""fx_rates""], ""transform"": ""outer_join_on_date|ffill_applied=yes""}",2010-09-13,81.91000366210938,,not_configured,,77.19000244140625,,1121.9000244140625,2.74,,available,,,18932.0,21.209999084472656
2026-07-10T14:10:28.018080,"{""sources"": [""global_market_series"", ""fx_rates""], ""transform"": ""outer_join_on_date|ffill_applied=yes""}",2010-09-14,81.08000183105469,,not_configured,,76.80000305175781,,1121.0999755859375,2.68,,available,,,18932.0,21.559999465942383
2026-07-10T14:10:28.018106,"{""sources"": [""global_market_series"", ""fx_rates""], ""transform"": ""outer_join_on_date|ffill_applied=yes""}",2010-09-15,81.48999786376953,,not_configured,,76.0199966430664,,1125.0699462890625,2.74,,available,,,18932.0,22.100000381469727
2026-07-10T14:10:28.018132,"{""sources"": [""global_market_series"", ""fx_rates""], ""transform"": ""outer_join_on_date|ffill_applied=yes""}",2010-09-16,81.23999786376953,,not_configured,,74.56999969482422,,1124.6600341796875,2.77,,available,,,18932.0,21.719999313354492
2026-07-10T14:10:28.018158,"{""sources"": [""global_market_series"", ""fx_rates""], ""transform"": ""outer_join_on_date|ffill_applied=yes""}",2010-09-17,81.4000015258789,,not_configured,,73.66000366210938,,1125.5899658203125,2.75,,available,,,18932.0,22.010000228881836
2026-07-10T14:10:28.018183,"{""sources"": [""global_market_series"", ""fx_rates""], ""transform"": ""outer_join_on_date|ffill_applied=yes""}",2010-09-19,81.4000015258789,,not_configured,,73.66000366210938,,,2.75,,available,,,18932.0,22.010000228881836
2026-07-10T14:10:28.018208,"{""sources"": [""global_market_series"", ""fx_rates""], ""transform"": ""outer_join_on_date|ffill_applied=yes""}",2010-09-20,81.33999633789062,,not_configured,,74.86000061035156,,1142.7099609375,2.72,,available,,,18932.0,21.5
2026-07-10T14:10:28.018233,"{""sources"": [""global_market_series"", ""fx_rates""], ""transform"": ""outer_join_on_date|ffill_applied=yes""}",2010-09-21,80.44000244140625,,not_configured,,73.5199966430664,,1139.780029296875,2.61,,available,,,18932.0,22.350000381469727
2026-07-10T14:10:28.018258,"{""sources"": [""global_market_series"", ""fx_rates""], ""transform"": ""outer_join_on_date|ffill_applied=yes""}",2010-09-22,79.83000183105469,,not_configured,,74.70999908447266,,1134.280029296875,2.56,,available,,,18932.0,22.510000228881836
2026-07-10T14:10:28.018283,"{""sources"": [""global_market_series"", ""fx_rates""], ""transform"": ""outer_join_on_date|ffill_applied=yes""}",2010-09-23,80.01000213623047,,not_configured,,75.18000030517578,,1124.8299560546875,2.56,,available,,,18932.0,23.8700008392334
2026-07-10T14:10:28.018335,"{""sources"": [""global_market_series"", ""fx_rates""], ""transform"": ""outer_join_on_date|ffill_applied=yes""}",2010-09-24,79.38999938964844,,not_configured,,76.48999786376953,,1148.6700439453125,2.62,,available,,,18932.0,21.709999084472656
2026-07-10T14:10:28.018363,"{""sources"": [""global_market_series"", ""fx_rates""], ""transform"": ""outer_join_on_date|ffill_applied=yes""}",2010-09-26,79.38999938964844,,not_configured,,76.48999786376953,,,2.62,,available,,,18932.0,21.709999084472656
2026-07-10T14:10:28.018388,"{""sources"": [""global_market_series"", ""fx_rates""], ""transform"": ""outer_join_on_date|ffill_applied=yes""}",2010-09-27,79.33999633789062,,not_configured,,76.5199966430664,,1142.1600341796875,2.54,,available,,,18932.0,22.540000915527344
2026-07-10T14:10:28.018413,"{""sources"": [""global_market_series"", ""fx_rates""], ""transform"": ""outer_join_on_date|ffill_applied=yes""}",2010-09-28,79.01000213623047,,not_configured,,76.18000030517578,,1147.699951171875,2.48,,available,,,18932.0,22.600000381469727
2026-07-10T14:10:28.018438,"{""sources"": [""global_market_series"", ""fx_rates""], ""transform"": ""outer_join_on_date|ffill_applied=yes""}",2010-09-29,78.69000244140625,,not_configured,,77.86000061035156,,1144.72998046875,2.52,,missing,,,18932.0,23.25
2026-07-10T14:10:28.018463,"{""sources"": [""global_market_series"", ""fx_rates""], ""transform"": ""outer_join_on_date|ffill_applied=yes""}",2010-09-30,78.72000122070312,,not_configured,,79.97000122070312,,1141.199951171875,2.53,,missing,,,18932.0,23.700000762939453
2026-07-10T14:10:28.018488,"{""sources"": [""global_market_series"", ""fx_rates""], ""transform"": ""outer_join_on_date|ffill_applied=yes""}",2010-10-01,78.08999633789062,,not_configured,,81.58000183105469,,1146.239990234375,2.54,,available,,,18932.0,22.5
2026-07-10T14:10:28.018513,"{""sources"": [""global_market_series"", ""fx_rates""], ""transform"": ""outer_join_on_date|ffill_applied=yes""}",2010-10-03,78.08999633789062,,not_configured,,81.58000183105469,,,2.54,,available,,,18932.0,22.5
2026-07-10T14:10:28.018538,"{""sources"": [""global_market_series"", ""fx_rates""], ""transform"": ""outer_join_on_date|ffill_applied=yes""}",2010-10-04,78.44999694824219,,not_configured,,81.47000122070312,,1137.030029296875,2.5,,available,,,18932.0,23.530000686645508
2026-07-10T14:10:28.018563,"{""sources"": [""global_market_series"", ""fx_rates""], ""transform"": ""outer_join_on_date|ffill_applied=yes""}",2010-10-05,77.75,,not_configured,,82.81999969482422,,1160.75,2.5,,available,,,18932.0,21.760000228881836
2026-07-10T14:10:28.018588,"{""sources"": [""global_market_series"", ""fx_rates""], ""transform"": ""outer_join_on_date|ffill_applied=yes""}",2010-10-06,77.38999938964844,,not_configured,,83.2300033569336,,1159.969970703125,2.41,,available,,,18932.0,21.489999771118164
2026-07-10T14:10:28.018613,"{""sources"": [""global_market_series"", ""fx_rates""], ""transform"": ""outer_join_on_date|ffill_applied=yes""}",2010-10-07,77.38999938964844,,not_configured,,81.66999816894531,,1158.06005859375,2.41,,available,,,18932.0,21.559999465942383
2026-07-10T14:10:28.018637,"{""sources"": [""global_market_series"", ""fx_rates""], ""transform"": ""outer_join_on_date|ffill_applied=yes""}",2010-10-08,77.31999969482422,,not_configured,,82.66000366210938,,1165.1500244140625,2.41,,missing,,,18932.0,20.709999084472656
2026-07-10T14:10:28.018664,"{""sources"": [""global_market_series"", ""fx_rates""], ""transform"": ""outer_join_on_date|ffill_applied=yes""}",2010-10-10,77.31999969482422,,not_configured,,82.66000366210938,,,2.41,,available,,,18932.0,20.709999084472656
2026-07-10T14:10:28.018691,"{""sources"": [""global_market_series"", ""fx_rates""], ""transform"": ""outer_join_on_date|ffill_applied=yes""}",2010-10-11,77.44000244140625,,not_configured,,82.20999908447266,,1165.3199462890625,2.41,,available,,,18932.0,18.959999084472656
2026-07-10T14:10:28.018717,"{""sources"": [""global_market_series"", ""fx_rates""], ""transform"": ""outer_join_on_date|ffill_applied=yes""}",2010-10-12,77.36000061035156,,not_configured,,81.66999816894531,,1169.77001953125,2.44,,available,,,18932.0,18.93000030517578
2026-07-10T14:10:28.018741,"{""sources"": [""global_market_series"", ""fx_rates""], ""transform"": ""outer_join_on_date|ffill_applied=yes""}",2010-10-13,77.06999969482422,,not_configured,,83.01000213623047,,1178.0999755859375,2.46,,available,,,18932.0,19.06999969482422
2026-07-10T14:10:28.018766,"{""sources"": [""global_market_series"", ""fx_rates""], ""transform"": ""outer_join_on_date|ffill_applied=yes""}",2010-10-14,76.6500015258789,,not_configured,,82.69000244140625,,1173.81005859375,2.52,,available,,,18932.0,19.8799991607666
2026-07-10T14:10:28.018791,"{""sources"": [""global_market_series"", ""fx_rates""], ""transform"": ""outer_join_on_date|ffill_applied=yes""}",2010-10-15,77.04000091552734,,not_configured,,81.25,,1176.18994140625,2.59,,missing,,,18932.0,19.030000686645508
2026-07-10T14:10:28.018817,"{""sources"": [""global_market_series"", ""fx_rates""], ""transform"": ""outer_join_on_date|ffill_applied=yes""}",2010-10-17,77.04000091552734,,not_configured,,81.25,,,2.59,,available,,,18932.0,19.030000686645508
2026-07-10T14:10:28.018842,"{""sources"": [""global_market_series"", ""fx_rates""], ""transform"": ""outer_join_on_date|ffill_applied=yes""}",2010-10-18,76.93000030517578,,not_configured,,83.08000183105469,,1184.7099609375,2.52,,available,,,18932.0,19.09000015258789
2026-07-10T14:10:28.018866,"{""sources"": [""global_market_series"", ""fx_rates""], ""transform"": ""outer_join_on_date|ffill_applied=yes""}",2010-10-19,78.18000030517578,,not_configured,,79.48999786376953,,1165.9000244140625,2.5,,available,,,18932.0,20.6299991607666
2026-07-10T14:10:28.018891,"{""sources"": [""global_market_series"", ""fx_rates""], ""transform"": ""outer_join_on_date|ffill_applied=yes""}",2010-10-20,77.16999816894531,,not_configured,,81.7699966430664,,1178.1700439453125,2.51,,available,,,18932.0,19.790000915527344
2026-07-10T14:10:28.018916,"{""sources"": [""global_market_series"", ""fx_rates""], ""transform"": ""outer_join_on_date|ffill_applied=yes""}",2010-10-21,77.41999816894531,,not_configured,,80.55999755859375,,1180.260009765625,2.57,,available,,,18932.0,19.270000457763672
2026-07-10T14:10:28.018940,"{""sources"": [""global_market_series"", ""fx_rates""], ""transform"": ""outer_join_on_date|ffill_applied=yes""}",2010-10-22,77.47000122070312,,not_configured,,81.69000244140625,,1183.0799560546875,2.59,,available,,,18932.0,18.780000686645508
2026-07-10T14:10:28.018965,"{""sources"": [""global_market_series"", ""fx_rates""], ""transform"": ""outer_join_on_date|ffill_applied=yes""}",2010-10-24,77.47000122070312,,not_configured,,81.69000244140625,,,2.59,,available,,,18932.0,18.780000686645508
2026-07-10T14:10:28.018990,"{""sources"": [""global_market_series"", ""fx_rates""], ""transform"": ""outer_join_on_date|ffill_applied=yes""}",2010-10-25,77.0999984741211,,not_configured,,82.5199966430664,,1185.6199951171875,2.59,,available,,,18932.0,19.850000381469727
2026-07-10T14:10:28.019014,"{""sources"": [""global_market_series"", ""fx_rates""], ""transform"": ""outer_join_on_date|ffill_applied=yes""}",2010-10-26,77.70999908447266,,not_configured,,82.55000305175781,,1185.6400146484375,2.67,,available,,,18932.0,20.219999313354492
2026-07-10T14:10:28.019039,"{""sources"": [""global_market_series"", ""fx_rates""], ""transform"": ""outer_join_on_date|ffill_applied=yes""}",2010-10-27,78.1500015258789,,not_configured,,81.94000244140625,,1182.449951171875,2.75,,available,,,18932.0,20.709999084472656
2026-07-10T14:10:28.019065,"{""sources"": [""global_market_series"", ""fx_rates""], ""transform"": ""outer_join_on_date|ffill_applied=yes""}",2010-10-28,77.30999755859375,,not_configured,,82.18000030517578,,1183.780029296875,2.69,,available,,,18932.0,20.8799991607666
2026-07-10T14:10:28.019089,"{""sources"": [""global_market_series"", ""fx_rates""], ""transform"": ""outer_join_on_date|ffill_applied=yes""}",2010-10-29,77.2699966430664,,not_configured,,81.43000030517578,,1183.260009765625,2.63,,available,,,18932.0,21.200000762939453
2026-07-10T14:10:28.019115,"{""sources"": [""global_market_series"", ""fx_rates""], ""transform"": ""outer_join_on_date|ffill_applied=yes""}",2010-11-01,77.30000305175781,,not_configured,,82.94999694824219,,1184.3800048828125,2.66,,missing,,,18932.0,21.829999923706055
2026-07-10T14:10:28.019141,"{""sources"": [""global_market_series"", ""fx_rates""], ""transform"": ""outer_join_on_date|ffill_applied=yes""}",2010-11-02,76.72000122070312,,not_configured,,83.9000015258789,,1193.5699462890625,2.63,,available,,,18932.0,21.56999969482422
2026-07-10T14:10:28.019166,"{""sources"": [""global_market_series"", ""fx_rates""], ""transform"": ""outer_join_on_date|ffill_applied=yes""}",2010-11-03,76.4800033569336,,not_configured,,84.69000244140625,,1197.9599609375,2.67,,available,,,18932.0,19.559999465942383
2026-07-10T14:10:28.019191,"{""sources"": [""global_market_series"", ""fx_rates""], ""transform"": ""outer_join_on_date|ffill_applied=yes""}",2010-11-04,75.87999725341797,,not_configured,,86.48999786376953,,1221.06005859375,2.53,,available,,,18932.0,18.520000457763672
2026-07-10T14:10:28.019218,"{""sources"": [""global_market_series"", ""fx_rates""], ""transform"": ""outer_join_on_date|ffill_applied=yes""}",2010-11-05,76.55000305175781,,not_configured,,86.8499984741211,,1225.8499755859375,2.58,,available,,,18932.0,18.260000228881836
2026-07-10T14:10:28.019243,"{""sources"": [""global_market_series"", ""fx_rates""], ""transform"": ""outer_join_on_date|ffill_applied=yes""}",2010-11-07,76.55000305175781,,not_configured,,86.8499984741211,,,2.58,,available,,,18932.0,18.260000228881836
2026-07-10T14:10:28.019267,"{""sources"": [""global_market_series"", ""fx_rates""], ""transform"": ""outer_join_on_date|ffill_applied=yes""}",2010-11-08,77.02999877929688,,not_configured,,87.05999755859375,,1223.25,2.6,,available,,,18932.0,18.290000915527344
2026-07-10T14:10:28.019292,"{""sources"": [""global_market_series"", ""fx_rates""], ""transform"": ""outer_join_on_date|ffill_applied=yes""}",2010-11-09,77.44000244140625,,not_configured,,86.72000122070312,,1213.4000244140625,2.72,,available,,,18932.0,19.079999923706055
2026-07-10T14:10:28.019316,"{""sources"": [""global_market_series"", ""fx_rates""], ""transform"": ""outer_join_on_date|ffill_applied=yes""}",2010-11-10,77.62999725341797,,not_configured,,87.80999755859375,,1218.7099609375,2.65,,available,,,18932.0,18.469999313354492
2026-07-10T14:10:28.019340,"{""sources"": [""global_market_series"", ""fx_rates""], ""transform"": ""outer_join_on_date|ffill_applied=yes""}",2010-11-11,78.22000122070312,,not_configured,,87.80999755859375,,1213.5400390625,2.65,,available,,,18932.0,18.639999389648438
2026-07-10T14:10:28.019365,"{""sources"": [""global_market_series"", ""fx_rates""], ""transform"": ""outer_join_on_date|ffill_applied=yes""}",2010-11-12,78.08000183105469,,not_configured,,84.87999725341797,,1199.2099609375,2.76,,available,,,18932.0,20.610000610351562
2026-07-10T14:10:28.019390,"{""sources"": [""global_market_series"", ""fx_rates""], ""transform"": ""outer_join_on_date|ffill_applied=yes""}",2010-11-14,78.08000183105469,,not_configured,,84.87999725341797,,,2.76,,available,,,18932.0,20.610000610351562
2026-07-10T14:10:28.019415,"{""sources"": [""global_market_series"", ""fx_rates""], ""transform"": ""outer_join_on_date|ffill_applied=yes""}",2010-11-15,78.5199966430664,,not_configured,,84.86000061035156,,1197.75,2.92,,available,,,18932.0,20.200000762939453
2026-07-10T14:10:28.019440,"{""sources"": [""global_market_series"", ""fx_rates""], ""transform"": ""outer_join_on_date|ffill_applied=yes""}",2010-11-16,79.20999908447266,,not_configured,,82.33999633789062,,1178.3399658203125,2.85,,available,,,18932.0,22.579999923706055
2026-07-10T14:10:28.019464,"{""sources"": [""global_market_series"", ""fx_rates""], ""transform"": ""outer_join_on_date|ffill_applied=yes""}",2010-11-17,79.08000183105469,,not_configured,,80.44000244140625,,1178.5899658203125,2.89,,available,,,18932.0,21.760000228881836
2026-07-10T14:10:28.019488,"{""sources"": [""global_market_series"", ""fx_rates""], ""transform"": ""outer_join_on_date|ffill_applied=yes""}",2010-11-18,78.62000274658203,,not_configured,,81.8499984741211,,1196.68994140625,2.9,,available,,,18932.0,18.75
2026-07-10T14:10:28.019514,"{""sources"": [""global_market_series"", ""fx_rates""], ""transform"": ""outer_join_on_date|ffill_applied=yes""}",2010-11-19,78.5,,not_configured,,81.51000213623047,,1199.72998046875,2.88,,available,,,18932.0,18.040000915527344
2026-07-10T14:10:28.019538,"{""sources"": [""global_market_series"", ""fx_rates""], ""transform"": ""outer_join_on_date|ffill_applied=yes""}",2010-11-21,78.5,,not_configured,,81.51000213623047,,,2.88,,available,,,18932.0,18.040000915527344
2026-07-10T14:10:28.019563,"{""sources"": [""global_market_series"", ""fx_rates""], ""transform"": ""outer_join_on_date|ffill_applied=yes""}",2010-11-22,78.68000030517578,,not_configured,,81.73999786376953,,1197.8399658203125,2.8,,available,,,18932.0,18.3700008392334
2026-07-10T14:10:28.019590,"{""sources"": [""global_market_series"", ""fx_rates""], ""transform"": ""outer_join_on_date|ffill_applied=yes""}",2010-11-23,79.68000030517578,,not_configured,,81.25,,1180.72998046875,2.77,,available,,,18932.0,20.6299991607666
2026-07-10T14:10:28.019615,"{""sources"": [""global_market_series"", ""fx_rates""], ""transform"": ""outer_join_on_date|ffill_applied=yes""}",2010-11-24,79.87000274658203,,not_configured,,83.86000061035156,,1198.3499755859375,2.93,,available,,,18932.0,19.559999465942383
2026-07-10T14:10:28.019640,"{""sources"": [""global_market_series"", ""fx_rates""], ""transform"": ""outer_join_on_date|ffill_applied=yes""}",2010-11-25,79.87000274658203,,not_configured,,83.86000061035156,,,2.93,,available,,,18932.0,19.559999465942383
2026-07-10T14:10:28.019664,"{""sources"": [""global_market_series"", ""fx_rates""], ""transform"": ""outer_join_on_date|ffill_applied=yes""}",2010-11-26,80.36000061035156,,not_configured,,83.76000213623047,,1189.4000244140625,2.87,,available,,,18932.0,22.219999313354492
2026-07-10T14:10:28.019689,"{""sources"": [""global_market_series"", ""fx_rates""], ""transform"": ""outer_join_on_date|ffill_applied=yes""}",2010-11-28,80.36000061035156,,not_configured,,83.76000213623047,,,2.87,,available,,,18932.0,22.219999313354492
2026-07-10T14:10:28.019715,"{""sources"": [""global_market_series"", ""fx_rates""], ""transform"": ""outer_join_on_date|ffill_applied=yes""}",2010-11-29,80.83999633789062,,not_configured,,85.7300033569336,,1187.760009765625,2.84,,missing,,,18932.0,21.530000686645508
2026-07-10T14:10:28.019740,"{""sources"": [""global_market_series"", ""fx_rates""], ""transform"": ""outer_join_on_date|ffill_applied=yes""}",2010-11-30,81.19999694824219,,not_configured,,84.11000061035156,,1180.550048828125,2.81,,missing,,,18932.0,23.540000915527344
2026-07-10T14:10:28.019765,"{""sources"": [""global_market_series"", ""fx_rates""], ""transform"": ""outer_join_on_date|ffill_applied=yes""}",2010-12-01,80.70999908447266,,not_configured,,86.75,,1206.0699462890625,2.97,,available,,,18932.0,21.360000610351562
2026-07-10T14:10:28.019789,"{""sources"": [""global_market_series"", ""fx_rates""], ""transform"": ""outer_join_on_date|ffill_applied=yes""}",2010-12-02,80.30000305175781,,not_configured,,88.0,,1221.530029296875,3.01,,available,,,18932.0,19.389999389648438
2026-07-10T14:10:28.019814,"{""sources"": [""global_market_series"", ""fx_rates""], ""transform"": ""outer_join_on_date|ffill_applied=yes""}",2010-12-03,79.37999725341797,,not_configured,,89.19000244140625,,1224.7099609375,3.03,,missing,,,18932.0,18.010000228881836
2026-07-10T14:10:28.019838,"{""sources"": [""global_market_series"", ""fx_rates""], ""transform"": ""outer_join_on_date|ffill_applied=yes""}",2010-12-05,79.37999725341797,,not_configured,,89.19000244140625,,,3.03,,available,,,18932.0,18.010000228881836
2026-07-10T14:10:28.019863,"{""sources"": [""global_market_series"", ""fx_rates""], ""transform"": ""outer_join_on_date|ffill_applied=yes""}",2010-12-06,79.56999969482422,,not_configured,,89.37999725341797,,1223.1199951171875,2.95,,available,,,18932.0,18.020000457763672
2026-07-10T14:10:28.019888,"{""sources"": [""global_market_series"", ""fx_rates""], ""transform"": ""outer_join_on_date|ffill_applied=yes""}",2010-12-07,79.86000061035156,,not_configured,,88.69000244140625,,1223.75,3.15,,available,,,18932.0,17.989999771118164
2026-07-10T14:10:28.019917,"{""sources"": [""global_market_series"", ""fx_rates""], ""transform"": ""outer_join_on_date|ffill_applied=yes""}",2010-12-08,80.0,,not_configured,,88.27999877929688,,1228.280029296875,3.26,,available,,,18932.0,17.739999771118164
2026-07-10T14:10:28.019945,"{""sources"": [""global_market_series"", ""fx_rates""], ""transform"": ""outer_join_on_date|ffill_applied=yes""}",2010-12-09,80.06999969482422,,not_configured,,88.37000274658203,,1233.0,3.23,,available,,,18932.0,17.25
2026-07-10T14:10:28.019973,"{""sources"": [""global_market_series"", ""fx_rates""], ""transform"": ""outer_join_on_date|ffill_applied=yes""}",2010-12-10,80.06999969482422,,not_configured,,87.79000091552734,,1240.4000244140625,3.32,,available,,,18932.0,17.610000610351562
2026-07-10T14:10:28.020002,"{""sources"": [""global_market_series"", ""fx_rates""], ""transform"": ""outer_join_on_date|ffill_applied=yes""}",2010-12-12,80.06999969482422,,not_configured,,87.79000091552734,,,3.32,,available,,,18932.0,17.610000610351562
2026-07-10T14:10:28.020031,"{""sources"": [""global_market_series"", ""fx_rates""], ""transform"": ""outer_join_on_date|ffill_applied=yes""}",2010-12-13,79.27999877929688,,not_configured,,88.61000061035156,,1240.4599609375,3.29,,available,,,18932.0,17.549999237060547
2026-07-10T14:10:28.020059,"{""sources"": [""global_market_series"", ""fx_rates""], ""transform"": ""outer_join_on_date|ffill_applied=yes""}",2010-12-14,79.37000274658203,,not_configured,,88.27999877929688,,1241.5899658203125,3.49,,available,,,18932.0,17.610000610351562
2026-07-10T14:10:28.020087,"{""sources"": [""global_market_series"", ""fx_rates""], ""transform"": ""outer_join_on_date|ffill_applied=yes""}",2010-12-15,80.26000213623047,,not_configured,,88.62000274658203,,1235.22998046875,3.53,,available,,,18932.0,17.940000534057617
2026-07-10T14:10:28.020114,"{""sources"": [""global_market_series"", ""fx_rates""], ""transform"": ""outer_join_on_date|ffill_applied=yes""}",2010-12-16,80.18000030517578,,not_configured,,87.69999694824219,,1242.8699951171875,3.47,,available,,,18932.0,17.389999389648438
2026-07-10T14:10:28.020143,"{""sources"": [""global_market_series"", ""fx_rates""], ""transform"": ""outer_join_on_date|ffill_applied=yes""}",2010-12-17,80.37000274658203,,not_configured,,88.0199966430664,,1243.9100341796875,3.33,,available,,,18932.0,16.110000610351562
2026-07-10T14:10:28.020173,"{""sources"": [""global_market_series"", ""fx_rates""], ""transform"": ""outer_join_on_date|ffill_applied=yes""}",2010-12-19,80.37000274658203,,not_configured,,88.0199966430664,,,3.33,,available,,,18932.0,16.110000610351562
2026-07-10T14:10:28.020201,"{""sources"": [""global_market_series"", ""fx_rates""], ""transform"": ""outer_join_on_date|ffill_applied=yes""}",2010-12-20,80.62999725341797,,not_configured,,88.80999755859375,,1247.0799560546875,3.36,,available,,,18932.0,16.40999984741211
2026-07-10T14:10:28.020229,"{""sources"": [""global_market_series"", ""fx_rates""], ""transform"": ""outer_join_on_date|ffill_applied=yes""}",2010-12-21,80.72000122070312,,not_configured,,89.81999969482422,,1254.5999755859375,3.35,,missing,,,18932.0,16.489999771118164
2026-07-10T14:10:28.020256,"{""sources"": [""global_market_series"", ""fx_rates""], ""transform"": ""outer_join_on_date|ffill_applied=yes""}",2010-12-22,80.7300033569336,,not_configured,,90.4800033569336,,1258.8399658203125,3.36,,available,,,18932.0,15.449999809265137
2026-07-10T14:10:28.020284,"{""sources"": [""global_market_series"", ""fx_rates""], ""transform"": ""outer_join_on_date|ffill_applied=yes""}",2010-12-23,80.5,,not_configured,,91.51000213623047,,1256.77001953125,3.41,,available,,,18932.0,16.469999313354492
2026-07-10T14:10:28.020331,"{""sources"": [""global_market_series"", ""fx_rates""], ""transform"": ""outer_join_on_date|ffill_applied=yes""}",2010-12-24,80.5,,not_configured,,91.51000213623047,,,3.41,,available,,,18932.0,16.469999313354492
2026-07-10T14:10:28.020363,"{""sources"": [""global_market_series"", ""fx_rates""], ""transform"": ""outer_join_on_date|ffill_applied=yes""}",2010-12-27,80.37000274658203,,not_configured,,91.0,,1257.5400390625,3.36,,available,,,18932.0,17.670000076293945
2026-07-10T14:10:28.020390,"{""sources"": [""global_market_series"", ""fx_rates""], ""transform"": ""outer_join_on_date|ffill_applied=yes""}",2010-12-28,80.36000061035156,,not_configured,,91.48999786376953,,1258.510009765625,3.5,,available,,,18932.0,17.520000457763672
2026-07-10T14:10:28.020414,"{""sources"": [""global_market_series"", ""fx_rates""], ""transform"": ""outer_join_on_date|ffill_applied=yes""}",2010-12-29,79.80000305175781,,not_configured,,91.12000274658203,,1259.780029296875,3.35,,available,,,18932.0,17.280000686645508
2026-07-10T14:10:28.020438,"{""sources"": [""global_market_series"", ""fx_rates""], ""transform"": ""outer_join_on_date|ffill_applied=yes""}",2010-12-30,79.5199966430664,,not_configured,,89.83999633789062,,1257.8800048828125,3.38,,available,,,18932.0,17.520000457763672
2026-07-10T14:10:28.020464,"{""sources"": [""global_market_series"", ""fx_rates""], ""transform"": ""outer_join_on_date|ffill_applied=yes""}",2010-12-31,79.02999877929688,,not_configured,,91.37999725341797,,1257.6400146484375,3.3,,missing,,,18932.0,17.75
2026-07-10T14:10:28.020489,"{""sources"": [""global_market_series"", ""fx_rates""], ""transform"": ""outer_join_on_date|ffill_applied=yes""}",2011-01-01,79.02999877929688,,not_configured,,91.37999725341797,,,3.3,,missing,,,18932.0,17.75
2026-07-10T14:10:28.020514,"{""sources"": [""global_market_series"", ""fx_rates""], ""transform"": ""outer_join_on_date|ffill_applied=yes""}",2011-01-03,79.12999725341797,,not_configured,,91.55000305175781,,1271.8699951171875,3.36,,missing,,,18932.0,17.610000610351562
2026-07-10T14:10:28.020539,"{""sources"": [""global_market_series"", ""fx_rates""], ""transform"": ""outer_join_on_date|ffill_applied=yes""}",2011-01-04,79.44000244140625,,not_configured,,89.37999725341797,,1270.199951171875,3.36,,missing,,,18932.0,17.3799991607666
2026-07-10T14:10:28.020563,"{""sources"": [""global_market_series"", ""fx_rates""], ""transform"": ""outer_join_on_date|ffill_applied=yes""}",2011-01-05,80.26000213623047,,not_configured,,90.30000305175781,,1276.56005859375,3.5,,missing,,,18932.0,17.020000457763672
2026-07-10T14:10:28.020587,"{""sources"": [""global_market_series"", ""fx_rates""], ""transform"": ""outer_join_on_date|ffill_applied=yes""}",2011-01-06,80.79000091552734,,not_configured,,88.37999725341797,,1273.8499755859375,3.44,,missing,,,18932.0,17.399999618530273
2026-07-10T14:10:28.020611,"{""sources"": [""global_market_series"", ""fx_rates""], ""transform"": ""outer_join_on_date|ffill_applied=yes""}",2011-01-07,81.01000213623047,,not_configured,,88.02999877929688,,1271.5,3.34,,missing,,,18932.0,17.139999389648438
2026-07-10T14:10:28.020635,"{""sources"": [""global_market_series"", ""fx_rates""], ""transform"": ""outer_join_on_date|ffill_applied=yes""}",2011-01-10,80.87999725341797,,not_configured,,89.25,,1269.75,3.32,,missing,,,18932.0,17.540000915527344
2026-07-10T14:10:28.020662,"{""sources"": [""global_market_series"", ""fx_rates""], ""transform"": ""outer_join_on_date|ffill_applied=yes""}",2011-01-11,80.8499984741211,,not_configured,,91.11000061035156,,1274.47998046875,3.37,,missing,,,18932.0,16.889999389648438
2026-07-10T14:10:28.020686,"{""sources"": [""global_market_series"", ""fx_rates""], ""transform"": ""outer_join_on_date|ffill_applied=yes""}",2011-01-12,80.02999877929688,,not_configured,,91.86000061035156,,1285.9599609375,3.4,,missing,,,18932.0,16.239999771118164
2026-07-10T14:10:28.020711,"{""sources"": [""global_market_series"", ""fx_rates""], ""transform"": ""outer_join_on_date|ffill_applied=yes""}",2011-01-13,79.19000244140625,,not_configured,,91.4000015258789,,1283.760009765625,3.34,,missing,,,18932.0,16.389999389648438
2026-07-10T14:10:28.020735,"{""sources"": [""global_market_series"", ""fx_rates""], ""transform"": ""outer_join_on_date|ffill_applied=yes""}",2011-01-14,79.16000366210938,,not_configured,,91.54000091552734,,1293.239990234375,3.35,,missing,,,18932.0,15.460000038146973
2026-07-10T14:10:28.020760,"{""sources"": [""global_market_series"", ""fx_rates""], ""transform"": ""outer_join_on_date|ffill_applied=yes""}",2011-01-17,79.16000366210938,,not_configured,,91.54000091552734,,,3.35,,missing,,,18932.0,15.460000038146973
2026-07-10T14:10:28.020785,"{""sources"": [""global_market_series"", ""fx_rates""], ""transform"": ""outer_join_on_date|ffill_applied=yes""}",2011-01-18,78.95999908447266,,not_configured,,91.37999725341797,,1295.02001953125,3.39,,missing,,,18932.0,15.869999885559082
2026-07-10T14:10:28.020810,"{""sources"": [""global_market_series"", ""fx_rates""], ""transform"": ""outer_join_on_date|ffill_applied=yes""}",2011-01-19,78.63999938964844,,not_configured,,90.86000061035156,,1281.9200439453125,3.37,,missing,,,18932.0,17.309999465942383
2026-07-10T14:10:28.020835,"{""sources"": [""global_market_series"", ""fx_rates""], ""transform"": ""outer_join_on_date|ffill_applied=yes""}",2011-01-20,78.81999969482422,,not_configured,,88.86000061035156,,1280.260009765625,3.47,,missing,,,18932.0,17.989999771118164
2026-07-10T14:10:28.020859,"{""sources"": [""global_market_series"", ""fx_rates""], ""transform"": ""outer_join_on_date|ffill_applied=yes""}",2011-01-21,78.20999908447266,,not_configured,,89.11000061035156,,1283.3499755859375,3.44,,missing,,,18932.0,18.469999313354492
2026-07-10T14:10:28.020884,"{""sources"": [""global_market_series"", ""fx_rates""], ""transform"": ""outer_join_on_date|ffill_applied=yes""}",2011-01-24,78.05000305175781,,not_configured,,87.87000274658203,,1290.8399658203125,3.43,,missing,,,18932.0,17.649999618530273
2026-07-10T14:10:28.020908,"{""sources"": [""global_market_series"", ""fx_rates""], ""transform"": ""outer_join_on_date|ffill_applied=yes""}",2011-01-25,78.0,,not_configured,,86.19000244140625,,1291.1800537109375,3.35,,missing,,,18932.0,17.59000015258789
2026-07-10T14:10:28.020933,"{""sources"": [""global_market_series"", ""fx_rates""], ""transform"": ""outer_join_on_date|ffill_applied=yes""}",2011-01-26,77.9000015258789,,not_configured,,87.33000183105469,,1296.6300048828125,3.45,,missing,,,18932.0,16.639999389648438
2026-07-10T14:10:28.020960,"{""sources"": [""global_market_series"", ""fx_rates""], ""transform"": ""outer_join_on_date|ffill_applied=yes""}",2011-01-27,77.7300033569336,,not_configured,,85.63999938964844,,1299.5400390625,3.42,,missing,,,18932.0,16.149999618530273
2026-07-10T14:10:28.020987,"{""sources"": [""global_market_series"", ""fx_rates""], ""transform"": ""outer_join_on_date|ffill_applied=yes""}",2011-01-28,78.12999725341797,,not_configured,,89.33999633789062,,1276.3399658203125,3.36,,missing,,,18932.0,20.040000915527344
2026-07-10T14:10:28.021015,"{""sources"": [""global_market_series"", ""fx_rates""], ""transform"": ""outer_join_on_date|ffill_applied=yes""}",2011-01-31,77.73999786376953,,not_configured,,92.19000244140625,,1286.1199951171875,3.42,,missing,,,18932.0,19.530000686645508
2026-07-10T14:10:28.021043,"{""sources"": [""global_market_series"", ""fx_rates""], ""transform"": ""outer_join_on_date|ffill_applied=yes""}",2011-02-01,77.06999969482422,,not_configured,,90.7699966430664,,1307.5899658203125,3.48,,missing,,,18932.0,17.6299991607666
2026-07-10T14:10:28.021071,"{""sources"": [""global_market_series"", ""fx_rates""], ""transform"": ""outer_join_on_date|ffill_applied=yes""}",2011-02-02,77.16000366210938,,not_configured,,90.86000061035156,,1304.030029296875,3.52,,missing,,,18932.0,17.299999237060547
2026-07-10T14:10:28.021099,"{""sources"": [""global_market_series"", ""fx_rates""], ""transform"": ""outer_join_on_date|ffill_applied=yes""}",2011-02-03,77.75,,not_configured,,90.54000091552734,,1307.0999755859375,3.58,,missing,,,18932.0,16.690000534057617
2026-07-10T14:10:28.021126,"{""sources"": [""global_market_series"", ""fx_rates""], ""transform"": ""outer_join_on_date|ffill_applied=yes""}",2011-02-04,78.04000091552734,,not_configured,,89.02999877929688,,1310.8699951171875,3.68,,missing,,,18932.0,15.930000305175781
2026-07-10T14:10:28.021154,"{""sources"": [""global_market_series"", ""fx_rates""], ""transform"": ""outer_join_on_date|ffill_applied=yes""}",2011-02-07,78.02999877929688,,not_configured,,87.4800033569336,,1319.050048828125,3.68,,missing,,,18932.0,16.280000686645508
2026-07-10T14:10:28.021182,"{""sources"": [""global_market_series"", ""fx_rates""], ""transform"": ""outer_join_on_date|ffill_applied=yes""}",2011-02-08,78.0,,not_configured,,86.94000244140625,,1324.5699462890625,3.75,,missing,,,18932.0,15.8100004196167
2026-07-10T14:10:28.021210,"{""sources"": [""global_market_series"", ""fx_rates""], ""transform"": ""outer_join_on_date|ffill_applied=yes""}",2011-02-09,77.63999938964844,,not_configured,,86.70999908447266,,1320.8800048828125,3.65,,missing,,,18932.0,15.869999885559082
2026-07-10T14:10:28.021238,"{""sources"": [""global_market_series"", ""fx_rates""], ""transform"": ""outer_join_on_date|ffill_applied=yes""}",2011-02-10,78.25,,not_configured,,86.7300033569336,,1321.8699951171875,3.7,,missing,,,18932.0,16.09000015258789
2026-07-10T14:10:28.021266,"{""sources"": [""global_market_series"", ""fx_rates""], ""transform"": ""outer_join_on_date|ffill_applied=yes""}",2011-02-11,78.45999908447266,,not_configured,,85.58000183105469,,1329.1500244140625,3.64,,missing,,,18932.0,15.6899995803833
2026-07-10T14:10:28.021294,"{""sources"": [""global_market_series"", ""fx_rates""], ""transform"": ""outer_join_on_date|ffill_applied=yes""}",2011-02-14,78.61000061035156,,not_configured,,84.80999755859375,,1332.3199462890625,3.62,,missing,,,18932.0,15.949999809265137
2026-07-10T14:10:28.021322,"{""sources"": [""global_market_series"", ""fx_rates""], ""transform"": ""outer_join_on_date|ffill_applied=yes""}",2011-02-15,78.56999969482422,,not_configured,,84.31999969482422,,1328.010009765625,3.61,,missing,,,18932.0,16.3700008392334
2026-07-10T14:10:28.021349,"{""sources"": [""global_market_series"", ""fx_rates""], ""transform"": ""outer_join_on_date|ffill_applied=yes""}",2011-02-16,78.22000122070312,,not_configured,,84.98999786376953,,1336.3199462890625,3.62,,missing,,,18932.0,16.719999313354492
2026-07-10T14:10:28.021378,"{""sources"": [""global_market_series"", ""fx_rates""], ""transform"": ""outer_join_on_date|ffill_applied=yes""}",2011-02-17,78.0,,not_configured,,86.36000061035156,,1340.4300537109375,3.58,,missing,,,18932.0,16.59000015258789
2026-07-10T14:10:28.021405,"{""sources"": [""global_market_series"", ""fx_rates""], ""transform"": ""outer_join_on_date|ffill_applied=yes""}",2011-02-18,77.66000366210938,,not_configured,,86.19999694824219,,1343.010009765625,3.59,,missing,,,18932.0,16.43000030517578
2026-07-10T14:10:28.021435,"{""sources"": [""global_market_series"", ""fx_rates""], ""transform"": ""outer_join_on_date|ffill_applied=yes""}",2011-02-21,77.66000366210938,,not_configured,,86.19999694824219,,,3.59,,missing,,,18932.0,16.43000030517578
2026-07-10T14:10:28.021464,"{""sources"": [""global_market_series"", ""fx_rates""], ""transform"": ""outer_join_on_date|ffill_applied=yes""}",2011-02-22,77.7699966430664,,not_configured,,93.56999969482422,,1315.43994140625,3.46,,missing,,,18932.0,20.799999237060547
2026-07-10T14:10:28.021493,"{""sources"": [""global_market_series"", ""fx_rates""], ""transform"": ""outer_join_on_date|ffill_applied=yes""}",2011-02-23,77.41000366210938,,not_configured,,98.0999984741211,,1307.4000244140625,3.49,,missing,,,18932.0,22.1299991607666
2026-07-10T14:10:28.021521,"{""sources"": [""global_market_series"", ""fx_rates""], ""transform"": ""outer_join_on_date|ffill_applied=yes""}",2011-02-24,77.05999755859375,,not_configured,,97.27999877929688,,1306.0999755859375,3.46,,missing,,,18932.0,21.31999969482422
2026-07-10T14:10:28.021550,"{""sources"": [""global_market_series"", ""fx_rates""], ""transform"": ""outer_join_on_date|ffill_applied=yes""}",2011-02-25,77.27999877929688,,not_configured,,97.87999725341797,,1319.8800048828125,3.42,,missing,,,18932.0,19.219999313354492
2026-07-10T14:10:28.021578,"{""sources"": [""global_market_series"", ""fx_rates""], ""transform"": ""outer_join_on_date|ffill_applied=yes""}",2011-02-28,76.88999938964844,,not_configured,,96.97000122070312,,1327.219970703125,3.42,,missing,,,18932.0,18.350000381469727
2026-07-10T14:10:28.021606,"{""sources"": [""global_market_series"", ""fx_rates""], ""transform"": ""outer_join_on_date|ffill_applied=yes""}",2011-03-01,77.05000305175781,,not_configured,,99.62999725341797,,1306.3299560546875,3.41,,missing,,,18932.0,21.010000228881836
2026-07-10T14:10:28.021633,"{""sources"": [""global_market_series"", ""fx_rates""], ""transform"": ""outer_join_on_date|ffill_applied=yes""}",2011-03-02,76.66999816894531,,not_configured,,102.2300033569336,,1308.43994140625,3.46,,missing,,,18932.0,20.700000762939453
2026-07-10T14:10:28.021660,"{""sources"": [""global_market_series"", ""fx_rates""], ""transform"": ""outer_join_on_date|ffill_applied=yes""}",2011-03-03,76.4800033569336,,not_configured,,101.91000366210938,,1330.969970703125,3.58,,missing,,,18932.0,18.600000381469727
2026-07-10T14:10:28.021688,"{""sources"": [""global_market_series"", ""fx_rates""], ""transform"": ""outer_join_on_date|ffill_applied=yes""}",2011-03-04,76.4000015258789,,not_configured,,104.41999816894531,,1321.1500244140625,3.49,,missing,,,18932.0,19.059999465942383
2026-07-10T14:10:28.021716,"{""sources"": [""global_market_series"", ""fx_rates""], ""transform"": ""outer_join_on_date|ffill_applied=yes""}",2011-03-07,76.5,,not_configured,,105.44000244140625,,1310.1300048828125,3.51,,available,,,20663.0,20.65999984741211
2026-07-10T14:10:28.021744,"{""sources"": [""global_market_series"", ""fx_rates""], ""transform"": ""outer_join_on_date|ffill_applied=yes""}",2011-03-08,76.80000305175781,,not_configured,,105.0199966430664,,1321.8199462890625,3.56,,available,,,20668.0,19.81999969482422
2026-07-10T14:10:28.021770,"{""sources"": [""global_market_series"", ""fx_rates""], ""transform"": ""outer_join_on_date|ffill_applied=yes""}",2011-03-09,76.72000122070312,,not_configured,,104.37999725341797,,1320.02001953125,3.48,,available,,,20673.0,20.219999313354492
2026-07-10T14:10:28.021798,"{""sources"": [""global_market_series"", ""fx_rates""], ""transform"": ""outer_join_on_date|ffill_applied=yes""}",2011-03-10,77.27999877929688,,not_configured,,102.69999694824219,,1295.1099853515625,3.37,,available,,,20668.0,21.8799991607666
2026-07-10T14:10:28.021825,"{""sources"": [""global_market_series"", ""fx_rates""], ""transform"": ""outer_join_on_date|ffill_applied=yes""}",2011-03-11,76.77999877929688,,not_configured,,101.16000366210938,,1304.280029296875,3.4,,available,,,20663.0,20.079999923706055
2026-07-10T14:10:28.021856,"{""sources"": [""global_market_series"", ""fx_rates""], ""transform"": ""outer_join_on_date|ffill_applied=yes""}",2011-03-13,76.77999877929688,,not_configured,,101.16000366210938,,,3.4,,available,,,20663.0,20.079999923706055
2026-07-10T14:10:28.021884,"{""sources"": [""global_market_series"", ""fx_rates""], ""transform"": ""outer_join_on_date|ffill_applied=yes""}",2011-03-14,76.3499984741211,,not_configured,,101.19000244140625,,1296.3900146484375,3.36,,available,,,20663.0,21.1299991607666
2026-07-10T14:10:28.021911,"{""sources"": [""global_market_series"", ""fx_rates""], ""transform"": ""outer_join_on_date|ffill_applied=yes""}",2011-03-15,76.33000183105469,,not_configured,,97.18000030517578,,1281.8699951171875,3.33,,available,,,20658.0,24.31999969482422
2026-07-10T14:10:28.021937,"{""sources"": [""global_market_series"", ""fx_rates""], ""transform"": ""outer_join_on_date|ffill_applied=yes""}",2011-03-16,76.68000030517578,,not_configured,,97.9800033569336,,1256.8800048828125,3.22,,available,,,20658.0,29.399999618530273
2026-07-10T14:10:28.021965,"{""sources"": [""global_market_series"", ""fx_rates""], ""transform"": ""outer_join_on_date|ffill_applied=yes""}",2011-03-17,76.04000091552734,,not_configured,,101.41999816894531,,1273.719970703125,3.25,,available,,,20663.0,26.3700008392334
2026-07-10T14:10:28.021992,"{""sources"": [""global_market_series"", ""fx_rates""], ""transform"": ""outer_join_on_date|ffill_applied=yes""}",2011-03-18,75.72000122070312,,not_configured,,101.06999969482422,,1279.2099609375,3.28,,available,,,20673.0,24.440000534057617
2026-07-10T14:10:28.022019,"{""sources"": [""global_market_series"", ""fx_rates""], ""transform"": ""outer_join_on_date|ffill_applied=yes""}",2011-03-20,75.72000122070312,,not_configured,,101.06999969482422,,,3.28,,available,,,20673.0,24.440000534057617
2026-07-10T14:10:28.022046,"{""sources"": [""global_market_series"", ""fx_rates""], ""transform"": ""outer_join_on_date|ffill_applied=yes""}",2011-03-21,75.4000015258789,,not_configured,,102.33000183105469,,1298.3800048828125,3.34,,available,,,20683.0,20.610000610351562
2026-07-10T14:10:28.022074,"{""sources"": [""global_market_series"", ""fx_rates""], ""transform"": ""outer_join_on_date|ffill_applied=yes""}",2011-03-22,75.43000030517578,,not_configured,,104.0,,1293.77001953125,3.34,,available,,,20688.0,20.209999084472656
2026-07-10T14:10:28.022101,"{""sources"": [""global_market_series"", ""fx_rates""], ""transform"": ""outer_join_on_date|ffill_applied=yes""}",2011-03-23,75.79000091552734,,not_configured,,105.75,,1297.5400390625,3.36,,available,,,20688.0,19.170000076293945
2026-07-10T14:10:28.022128,"{""sources"": [""global_market_series"", ""fx_rates""], ""transform"": ""outer_join_on_date|ffill_applied=yes""}",2011-03-24,75.66000366210938,,not_configured,,105.5999984741211,,1309.6600341796875,3.42,,available,,,20683.0,18.0
2026-07-10T14:10:28.022156,"{""sources"": [""global_market_series"", ""fx_rates""], ""transform"": ""outer_join_on_date|ffill_applied=yes""}",2011-03-25,76.22000122070312,,not_configured,,105.4000015258789,,1313.800048828125,3.46,,available,,,20693.0,17.90999984741211
2026-07-10T14:10:28.022183,"{""sources"": [""global_market_series"", ""fx_rates""], ""transform"": ""outer_join_on_date|ffill_applied=yes""}",2011-03-27,76.22000122070312,,not_configured,,105.4000015258789,,,3.46,,available,,,20693.0,17.90999984741211
2026-07-10T14:10:28.022210,"{""sources"": [""global_market_series"", ""fx_rates""], ""transform"": ""outer_join_on_date|ffill_applied=yes""}",2011-03-28,76.12999725341797,,not_configured,,103.9800033569336,,1310.18994140625,3.47,,available,,,20688.0,19.440000534057617
2026-07-10T14:10:28.022237,"{""sources"": [""global_market_series"", ""fx_rates""], ""transform"": ""outer_join_on_date|ffill_applied=yes""}",2011-03-29,76.25,,not_configured,,104.79000091552734,,1319.43994140625,3.5,,available,,,20698.0,18.15999984741211
2026-07-10T14:10:28.022264,"{""sources"": [""global_market_series"", ""fx_rates""], ""transform"": ""outer_join_on_date|ffill_applied=yes""}",2011-03-30,76.12000274658203,,not_configured,,104.2699966430664,,1328.260009765625,3.47,,available,,,20703.0,17.709999084472656
2026-07-10T14:10:28.022291,"{""sources"": [""global_market_series"", ""fx_rates""], ""transform"": ""outer_join_on_date|ffill_applied=yes""}",2011-03-31,75.86000061035156,,not_configured,,106.72000122070312,,1325.8299560546875,3.47,,available,,,20708.0,17.739999771118164
2026-07-10T14:10:28.022358,"{""sources"": [""global_market_series"", ""fx_rates""], ""transform"": ""outer_join_on_date|ffill_applied=yes""}",2011-04-01,75.83000183105469,,not_configured,,107.94000244140625,,1332.4100341796875,3.46,,available,,,20703.0,17.399999618530273
2026-07-10T14:10:28.022434,"{""sources"": [""global_market_series"", ""fx_rates""], ""transform"": ""outer_join_on_date|ffill_applied=yes""}",2011-04-03,75.83000183105469,,not_configured,,107.94000244140625,,,3.46,,available,,,20703.0,17.399999618530273
2026-07-10T14:10:28.022481,"{""sources"": [""global_market_series"", ""fx_rates""], ""transform"": ""outer_join_on_date|ffill_applied=yes""}",2011-04-04,75.91000366210938,,not_configured,,108.47000122070312,,1332.8699951171875,3.45,,available,,,20713.0,17.5
2026-07-10T14:10:28.022519,"{""sources"": [""global_market_series"", ""fx_rates""], ""transform"": ""outer_join_on_date|ffill_applied=yes""}",2011-04-05,75.87999725341797,,not_configured,,108.33999633789062,,1332.6300048828125,3.5,,missing,,,20713.0,17.25
2026-07-10T14:10:28.022552,"{""sources"": [""global_market_series"", ""fx_rates""], ""transform"": ""outer_join_on_date|ffill_applied=yes""}",2011-04-06,75.51000213623047,,not_configured,,108.83000183105469,,1335.5400390625,3.56,,missing,,,20713.0,16.899999618530273
2026-07-10T14:10:28.022585,"{""sources"": [""global_market_series"", ""fx_rates""], ""transform"": ""outer_join_on_date|ffill_applied=yes""}",2011-04-07,75.58999633789062,,not_configured,,110.30000305175781,,1333.510009765625,3.58,,available,,,20718.0,17.110000610351562
2026-07-10T14:10:28.022617,"{""sources"": [""global_market_series"", ""fx_rates""], ""transform"": ""outer_join_on_date|ffill_applied=yes""}",2011-04-08,75.06999969482422,,not_configured,,112.79000091552734,,1328.1700439453125,3.59,,available,,,20713.0,17.8700008392334
2026-07-10T14:10:28.022648,"{""sources"": [""global_market_series"", ""fx_rates""], ""transform"": ""outer_join_on_date|ffill_applied=yes""}",2011-04-10,75.06999969482422,,not_configured,,112.79000091552734,,,3.59,,available,,,20723.0,17.8700008392334
